3128 5124
597 399 809 462 „51-

175 568 224 632 Fr.
253 568 294 632 58
317 574 383 651 ,τοῖς
411 569 501 637 πέλας
529 572 661 653 ποιήσειν
685 570 827 634 dativum
854 571 887 633 in
910 589 1010 633 eoous.
1038 568 1174 633 mutavit
1196 569 1311 633 Meina-

94 679 169 759 lrius‚
193 680 248 744 sed
278 681 387 746 eodem
414 681 578 747 intellectu
606 683 731 746 dativus
760 682 919 746 invenitur
946 703 995 766 ap.
1024 682 1131 766 Eurip.
1159 681 1209 746 Or.
1239 679 1311 763 748,

94 791 170 856 Med.
190 792 281 856 1292.
307 792 351 856 tf.
375 793 633 859 Kuehner·Gerth
655 796 686 858 Π
710 797 737 875 1,
752 795 815 858 324
838 793 909 858 adn.
938 795 967 857 6.

175 904 225 968 Fr.
249 903 290 968 76
312 904 444 988 (Πολιτ.)
465 911 639 989 καταμελεῖν
662 907 703 970 τὰ
725 909 881 992 πράγματα
903 927 1060 991 nusquam
1089 906 1166 970 alibi
1192 906 1310 986 inveni,

94 1017 144 1080 sed
178 1018 295 1100 ἀμελεῖν
326 1040 397 1083 oum
424 1041 488 1084 aoo.
516 1020 640 1099 Herod,
669 1027 767 1103 tregg.
790 1021 834 1084 uf.
858 1019 1115 1084 Kuehner-Gerth
1139 1019 1167 1082 11
1191 1020 1220 1098 1,
1249 1018 1312 1083 366

94 1129 161 1194 adn.
184 1131 234 1194 13.

180 1243 385 1308 Communem
412 1245 565 1309 sermonis
593 1244 851 1310 consuetudinem
878 1264 1025 1328 respuens
1048 1243 1211 1328 Antiphon
1239 1266 1312 1329 poe-

95 1360 193 1418 tarum
221 1375 307 1420 more
334 1356 476 1440 loquitur
502 1358 554 1439 (ef.
578 1358 673 1421 Arist.
698 1357 787 1421 Rhet.
814 1356 869 1420 Γ1
900 1357 1036 1440 ποιητικὴ
1065 1361 1166 1439 πρώτη
1200 1356 1313 1440 ἐγένετο

95 1465 173 1546 λέξις,
198 1467 259 1530 οἷον
283 1470 301 1551 ἡ
327 1467 475 1552 Γοργίου).
521 1470 631 1552 Itaque
654 1470 702 1534 vei
727 1469 887 1554 poeticis
909 1468 959 1532 vel
982 1469 1091 1533 novis
1114 1468 1164 1532 vel
1188 1469 1313 1534 minus

96 1579 248 1644 usitatis
273 1581 372 1644 utitur
394 1582 606 1645 vocabulis:

176 1691 224 1755 Fr.
248 1693 290 1755 49
313 1695 426 1775 πότμος
448 1693 548 1776 glossa
571 1695 672 1758 estin
696 1715 787 1778 prosa
809 1693 962 1770 inaudita,
985 1693 1039 1757 sed
1063 1696 1100 1757 of.
1124 1695 1246 1777 Protug.
1275 1695 1312 1758 s.
1368 1753 1377 1770 ,

95 1803 114 1866 9
136 1803 289 1888 εύποτμίη.

176 1916 226 1979 Fr.
250 1916 292 1979 49
314 1921 413 1979 καινοῦ
438 1919 582 1998 δαίμονος,
606 1917 651 1980 sio
675 1917 785 1998 δαίμων
809 1938 865 2001 pro
888 1917 965 2001 τύχη
989 1917 1089 1982 dicere
1118 1918 1218 1982 solent
1242 1939 1314 2003 poe·

96 2034 142 2090 tae
163 2027 218 2111 (ot.
244 2027 356 2093 Kaibel
379 2029 418 2093 ed
441 2028 486 2093 El.
512 2051 540 2093 v.
564 2029 651 2110 916).
675 2030 799 2093 Poetioe
823 2031 917 2093 etiam
942 2032 1016 2092 Ant.
1041 2030 1097 2094 Rh.
1123 2029 1207 2094 Tetr.
1232 2030 1314 2112 Βη4

97 2139 267 2224 σκληρότητι
294 2146 344 2204 τού
377 2141 512 2219 δαίμονος
544 2163 598 2225 pro
634 2144 749 2225 σκληρᾷ
782 2143 895 2225 ἀνάγκη
931 2143 971 2225 (Β
1001 2143 1017 2219 β
1047 2141 1090 2223 2).
1153 2142 1189 2207 ln
1223 2164 1314 2228 prosa

97 2253 203 2332 δαίμων
226 2255 283 2318 hoo
306 2254 433 2339 quidem
455 2275 548 2318 sensu
571 2276 642 2317 oum
665 2254 817 2319 adiectiro
842 2263 890 2319 est
911 2256 1108 2319 inusitatum.

178 2366 320 2430 Sublime
354 2375 401 2432 est
434 2366 483 2429 ἴσα
518 2365 667 2444 πνέοντας,
695 2367 733 2430 of.
762 2367 873 2431 Aeseh.
902 2369 960 2450 Ag.
993 2367 1075 2432 1206
1098 2366 1193 2430 πνέων
1216 2369 1313 2452 χάριν,

98 2476 181 2541 Ρίιιύ.
206 2477 254 2542 Ol.
277 2478 323 2542 XI
347 2478 386 2542 97
411 2478 496 2542 κενεὰ
519 2478 682 2560 πνεούσαις,
706 2478 799 2561 Pyth.
823 2479 926 2543 11130
947 2481 1071 2564 χαμηλὰ
1094 2479 1199 2560 πνέων,
1223 2479 1313 2544 Nem.

99 2588 153 2652 VH
176 2591 197 2652 4
221 2589 402 2670 ἀναπνέομεν
426 2589 452 2652 δ’
474 2590 531 2676 οὐχ
554 2591 679 2659 ἅπαντες
702 2591 750 2653 ἐπὶ
779 2590 837 2653 ἴσα.

180 2703 227 2766 Fr.
251 2703 293 2766 bb
317 2703 364 2765 ἵνα
386 2725 441 2787 pro
470 2701 544 2765 ὅπου
568 2713 661 2787 poet,
685 2703 809 2782 Herod„
832 2704 931 2767 Plato.

175 2813 281 2898 ’Atat
316 2817 352 2878 ir.
387 2817 425 2880 ⁵21
464 2817 665 2899 ὀριηνηθηναι·
702 2817 764 2879 ἀντὶ
802 2820 853 2878 τοῦ
892 2816 1088 2899 ἐπιθυμῆσαι,
1127 2837 1182 2900 pro
1217 2816 1312 2899 ύρέηε·

99 2926 163 2990 σθαι
184 2936 266 3012 poet.

179 3041 226 3103 Fr.
250 3042 292 3103 49
320 3039 467 3122 νεοτήσιος
494 3041 664 3104 formatum
696 3050 744 3104 est
771 3040 809 3104 ed
845 3040 1021 3122 analogiam
1049 3061 1159 3104 vocum
1195 3040 1313 3124 φιλοτή-

96 3171 156 3220 σιος
175 3152 229 3234 (de
257 3150 344 3215 ouius
371 3171 431 3215 usu
459 3151 570 3216 Kuibel
593 3150 612 3214 l.
635 3174 660 3215 o.
682 3174 712 3236 p.
734 3153 822 3234 237),
851 3153 1004 3235 ἱκετήσιος,
1034 3173 1113 3234 quae
1141 3163 1215 3216 sunt
1241 3174 1314 3238 poo-

97 3263 183 3328 ticae.
232 3263 341 3348 Neque
370 3284 504 3347 usquam
532 3264 646 3346 legitur
673 3266 821 3347 νεοτήσιος
848 3264 907 3328 nisi
935 3271 1006 3350 post
1028 3265 1082 3328 Ch.
1111 3272 1174 3328 net.
1203 3265 1236 3328 in
1264 3264 1312 3329 Ps.

97 3374 281 3440 Proetus.

179 3487 214 3553 In
237 3489 275 3551 fr.
291 3488 334 3551 49
358 3508 413 3572 pro
436 3488 513 3571 λύπη
535 3489 610 3552 Ant.
628 3488 704 3553 dioit
719 3489 839 3572 λύπημα
855 3489 987 3571 tragicos
1003 3489 1131 3553 imitans
1147 3488 1201 3571 (of.
1219 3489 1313 3576 Soph.

95 3599 203 3664 Traoh.
231 3600 327 3681 554):
358 3601 391 3662 τὸ
422 3601 476 3686 γὰρ
511 3601 663 3670 ἐξαλλάξαι
690 3608 767 3664 ποιεῖ
798 3603 953 3685 φαίνεσθαι
988 3601 1162 3685 σεμνοτέραν
1190 3623 1231 3665 sc.
1261 3603 1313 3686 τὴν

93 3711 167 3780 λέέιν
189 3712 300 3794 (Arist.
321 3712 410 3776 Rhet.
437 3712 460 3776 Γ
480 3713 523 3795 2).
571 3713 649 3777 Cum
673 3714 730 3777 hae
753 3715 942 3779 substantivi
964 3715 1063 3779 forma
1086 3716 1122 3778 of.
1147 3713 1265 3798 θέλημα
1280 3715 1314 3777 in

96 3825 130 3886 ir.
153 3825 203 3900 58,
233 3825 315 3908 quod
343 3825 473 3890 reourrit
501 3827 534 3890 in
558 3826 594 3889 N.
619 3827 665 3904 Τ,
690 3826 801 3890 Matth.
825 3827 1039 3908 6,10.7,21.
1063 3865 1105 3874 -
1128 3827 1176 3890 Fr.
1194 3828 1231 3891 tl
1257 3829 1313 3911 φή-

94 3939 180 4018 λωμα
212 3938 251 4001 eb
286 3938 362 4000 Ant.
391 3938 567 4002 derivatum
596 3945 642 4002 est
669 3959 688 4002 a
721 3942 844 4022 φηλοῦν,
872 3939 954 4023 quod
989 3961 1038 4024 ap.
1069 3949 1165 4022 tregg.
1200 3947 1313 4002 exstat.

96 4047 257 4113 Praeterea
290 4049 507 4115 memorabilia
533 4059 607 4114 sunt
632 4049 739 4134 Ἀληθ.
768 4052 804 4114 ir.
834 4051 875 4114 38
903 4051 1051 4136 ἅμβλωμα
1079 4072 1135 4136 pro
1163 4050 1314 4134 ἅμβλιοσις

95 4162 138 4228 ὡς
163 4161 281 4238 Λυσίας,
308 4159 346 4224 fr.
370 4161 412 4224 49
435 4161 580 4245 σκίρτημα
603 4169 698 4243 tragg.
738 4161 926 4226 Huiusmodi
954 4161 1151 4227 substantiva
1173 4161 1315 4226 derivata

95 4271 126 4336 in
151 4295 204 4350 -μα
226 4273 403 4337 desinentia
425 4274 492 4337 sive
515 4294 596 4338 nova
618 4274 683 4338 sive
706 4274 829 4357 poetica
858 4275 1037 4358 saepissimo
1064 4296 1082 4337 a
1109 4273 1312 4358 scriptoribus

95 4384 179 4448 illius
202 4385 314 4450 aetatis
337 4392 538 4470 usurpantur,
563 4407 588 4450 e.
613 4407 640 4468 g.
664 4388 739 4449 Ant.
764 4387 819 4449 Rh.
845 4394 900 4451 eut
922 4387 1008 4471 soph.
1026 4387 1062 4450 fr.
1080 4388 1139 4450 101
1158 4386 1312 4469 έπινόημοι,

96 4495 131 4560 fr.
163 4497 224 4561 110
251 4497 425 4581 ἐπιθύμημα
452 4499 512 4562 An.
542 4498 652 4563 lumbl.
681 4499 711 4578 b,
727 4499 769 4580 2.,
799 4498 889 4581 Xon,
921 4499 1019 4563 Plato.
1047 4536 1087 4546 —
1115 4499 1177 4562 An.
1201 4498 1312 4563 lambl.

1127 4598 1160 4651 μ
