3128 5124
762 415 976 480 ..46-

257 585 431 650 ...κατὰ
455 586 507 666 μὲν
531 587 656 669 σώματα
683 585 798 670 ἰατροὺς
823 586 915 670 λέγω,
945 586 1020 651 κατὰ
1043 587 1075 650 δὲ
1097 587 1177 671 φυτὰ
1198 588 1356 672 γεωργούς.
1401 591 1483 673 φημὶ

255 699 309 781 γὰρ
333 700 382 762 καὶ
404 698 523 766 τούτους
545 702 605 768 τοῖς
627 702 729 782 φυτοῖς
745 698 807 761 ἀντὶ
823 703 881 762 τῶν
897 704 1034 784 πονηρῶν
1051 701 1230 783 αἰσθήσεων,
1254 699 1322 766 ὅταν
1338 725 1366 764 τι
1381 701 1482 766 αὐτῶν

255 811 383 895 ἀσθενῆ,
410 810 543 895 χρηστὰς
569 812 618 874 καὶ
641 809 766 894 ὑγιεινοῖς
788 811 942 895 αἰσθήσεις
964 834 995 874 τε
1019 815 1067 876 καὶ
1090 813 1214 894 ἀληθεῖς
1236 813 1385 896 ἐμποιεῖν,
1412 815 1484 884 τοὺς

255 923 288 986 δέ
310 945 342 1006 γε
365 922 475 1007 σοφούς
497 947 529 987 τε
552 924 600 987 καὶ
625 923 755 1006 ἀγαθούς
779 924 902 1008 ῥήτορας
924 927 987 994 ταῖς
1009 927 1113 988 πόλεσι
1134 925 1171 988 τὰ
1192 925 1309 1010 χρηστὰ
1333 928 1397 990 ἀντὶ
1419 934 1482 992 τῶν

255 1039 391 1120 πονηρῶν
414 1036 510 1100 δι’καια
532 1037 628 1100 δοκεῖν
652 1035 726 1100 εἶναι
753 1041 854 1100 ποιεῖν.
901 1037 946 1101 Of.
970 1037 1015 1100 Pl.
1033 1037 1116 1102 Prot.
1134 1038 1238 1102 saed:
1270 1039 1372 1123 ὥσπερ
1396 1040 1481 1110 ξύλον

254 1149 497 1232 διαστρεφόμενον
539 1149 589 1211 καὶ
630 1147 835 1231 καμπτόμενον
872 1148 1044 1214 εὐθύνουσιν
1082 1151 1216 1220 ἀπειλαῖς
1255 1153 1304 1214 καὶ
1341 1155 1481 1236 πληγαῖς.

254 1262 494 1325 Accuratissime
517 1267 624 1324 autem
647 1260 785 1344 singula,
816 1280 896 1344 quae
919 1261 957 1324 ad
982 1260 1181 1346 disciplinam
1205 1265 1380 1347 pertinent,
1406 1287 1480 1330 cum

253 1373 444 1456 agricultura
466 1372 661 1456 comparavit
683 1380 792 1436 auctor
814 1372 889 1437 libri
911 1373 966 1456 qni
988 1373 1171 1439 inscribitur
1193 1373 1294 1455 Νόμος
1313 1376 1481 1461 (Hippocr.

253 1486 297 1549 IV
313 1484 444 1568 640L.):
472 1485 555 1568 ὁκοίη
583 1484 638 1567 γὰρ
666 1489 723 1547 τῶν
753 1485 783 1548 ἐν
810 1489 847 1567 τῇ
870 1490 908 1569 γῇ
933 1485 1087 1570 φυομένων
1111 1488 1130 1570 ἡ
1153 1487 1277 1570 δεωρίη,
1305 1492 1405 1571 τοιήδε
1430 1492 1481 1554 καὶ

252 1601 305 1679 τῆς
329 1599 460 1681 ἰητρικῆς
482 1597 658 1680 ἡμάδησις.
696 1621 715 1678 η
734 1598 786 1679 μέν
809 1597 862 1682 γὰρ
886 1597 990 1680 φύσις
1013 1598 1116 1681 ἡμέων
1138 1600 1235 1663 ὁκοῖον
1258 1601 1278 1682 ἡ
1301 1603 1419 1685 χώρη·
1444 1603 1481 1665 τὰ

253 1711 285 1773 δὲ
308 1711 464 1792 δόγματα
486 1714 545 1772 τῶν
567 1708 761 1773 διδασκόντων
778 1711 876 1774 ὁκοῖον
891 1710 927 1772 τὰ
943 1711 1142 1795 σπέρματα·
1167 1737 1186 1794 η
1205 1713 1238 1774 δὲ
1253 1714 1479 1799 παιδομαῦῖη
1547 1759 1548 1788 r

138 1860 141 1868 ε
252 1823 285 1884 τὸ
308 1820 385 1885 καθ’
407 1823 500 1906 ὥρην
524 1821 598 1886 αὐτὰ
621 1827 721 1885 πεσεῖν
744 1821 786 1890 εἰς
808 1822 860 1904 τὴν
884 1821 1011 1905 ἄρουραν
1034 1825 1088 1906 (cf.
1112 1825 1195 1889 Prot.
1218 1825 1256 1888 fr.
1274 1825 1304 1889 3.
1331 1825 1479 1892 Democr.

168 1954 176 1974 ¹
251 1936 288 1998 fr.
306 1933 394 2014 183).
440 1936 455 1997 b
484 1935 517 1998 δὲ
543 1936 645 2008 τόπος,
674 1933 704 1996 ἐν
727 1930 752 2017 ᾧ
777 1936 796 2018 ἡ
822 1935 963 2018 μάθησις,
992 1937 1090 1999 ὁκοῖον
1113 1937 1132 2019 ἡ
1157 1937 1190 2000 ἐκ
1213 1929 1267 2000 τού
1287 1938 1480 2023 περιέχοντος
1547 1931 1548 2018 }

251 2046 340 2131 ἠέρος
363 2048 456 2130 τροφὴ
480 2046 634 2129 γιγνομένη
657 2050 732 2109 τοῖσι
756 2046 957 2130 φυομένοισιν·
981 2049 1000 2129 ἡ
1025 2049 1057 2110 δὲ
1080 2049 1287 2131 φιλοπονῖη,
1315 2049 1478 2134 έργασίη·
1547 2025 1548 2102 i

252 2160 317 2222 ύδὲ
332 2159 461 2244 χρόνος
483 2163 575 2222 ταῦτα
599 2158 727 2243 ἐνισχύει
749 2160 853 2232 πάντα,
877 2162 918 2229 ὡς
933 2165 1077 2244 τραφῆναι
1100 2161 1217 2229 τελέως.
1250 2161 1366 2226 Eodem
1382 2165 1478 2230 modo

252 2272 413 2356 Antiphon
446 2272 480 2334 iu
510 2273 547 2335 fr.
576 2271 618 2336 60
650 2271 788 2336 indolem
823 2292 893 2336 eum
926 2293 1013 2355 agre,
1042 2272 1217 2338 doctrinam
1245 2295 1316 2338 eum
1343 2278 1477 2357 semine,
1547 2285 1548 2322 l

251 2392 407 2448 maturam
430 2383 647 2448 educationem
671 2405 743 2448 cum
764 2385 905 2448 semente
928 2393 1062 2462 matura,
1086 2385 1217 2450 alteram
1233 2395 1381 2451 naturam
1397 2389 1477 2453 edu·

250 2497 372 2560 catione
395 2502 533 2560 creatam
556 2497 609 2579 (cf.
635 2496 777 2561 Democr.
800 2497 836 2560 fr.
855 2496 912 2579 33)
929 2517 1002 2560 cum
1016 2498 1169 2563 fructibus
1186 2499 1354 2584 praeclaris
1370 2502 1478 2566 verbis
1547 2495 1548 2578 Ϊ

251 2615 421 2692 comparat.

334 2720 555 2785 Duemmlerus
579 2720 760 2805 Euripidem
783 2721 858 2784 Ηεο.
875 2721 1010 2805 592sqq.
1036 2722 1168 2786 eandem
1195 2723 1259 2788 fere
1282 2726 1477 2790 sententiam

249 2841 344 2916 atque
360 2832 586 2919 Antiphontem
611 2832 720 2897 eadem
742 2833 948 2898 similitudine
972 2835 1159 2920 expressisse
1179 2835 1269 2900 nobis
1284 2839 1477 2921 persuadere
1547 2837 1548 2844 '

248 2944 443 3028 studuit.¹⁰')
478 2946 653 3029 Utrumque
677 2945 816 3009 enimin
840 2966 875 3010 eo
899 2967 1065 3029 congruere
1088 2948 1238 3029 affirmat,
1262 2949 1346 3031 qnod
1369 2951 1476 3033 qualis

248 3066 417 3142 tempestas
445 3059 554 3139 fuerit,
581 3059 678 3122 talem
705 3059 842 3122 fructum
866 3059 932 3123 fore
955 3059 1053 3139 dieat,
1077 3059 1214 3124 hominis
1236 3068 1384 3125 naturam
1407 3065 1477 3128 ulla

247 3192 281 3236 re
312 3171 428 3235 mutari
456 3191 546 3257 posse
573 3177 674 3254 neget.
720 3170 815 3235 Recte
842 3171 1062 3236 Duemmlerus
1089 3171 1127 3236 de
1155 3172 1303 3258 Euripide
1332 3175 1474 3263 quidem,
1547 3171 1548 3192 ¹

248 3284 302 3367 qui
330 3305 454 3348 emnem
482 3285 566 3348 inter
589 3283 653 3365 agri
677 3290 708 3346 et
731 3283 830 3346 animi
853 3284 973 3347 cultum
996 3283 1235 3349 similitudinem
1259 3287 1389 3365 refutat,
1417 3289 1476 3354 sed

247 3395 331 3459 idem
364 3417 528 3480 perperam
561 3395 600 3460 de
627 3395 837 3479 Antiphonte,
873 3396 927 3479 qui
960 3397 1140 3478 longissime
1174 3398 1212 3462 ab
1245 3397 1299 3461 illo
1331 3399 1474 3466 dissidet.

247 3508 327 3571 Nam
355 3507 432 3573 illud
461 3508 543 3590 quod
571 3509 660 3572 aiunt
688 3507 739 3571 ‘ut
765 3515 937 3572 sementem
966 3509 1076 3574 feceris
1103 3510 1149 3573 ita
1174 3508 1283 3574 metes'
1311 3514 1474 3597 eomagis
1547 3573 1548 3608 γ

219 3607 222 3615 ’
248 3619 287 3683 ad
311 3619 528 3684 educationem
556 3621 711 3704 pertinere
740 3628 845 3704 putat,
875 3622 957 3703 quod
988 3643 1040 3702 ea,
1069 3644 1149 3705 quae
1172 3622 1338 3708 disciplina
1361 3625 1475 3691 effecta
1547 3695 1548 3702 γ

247 3733 325 3814 sint,
353 3732 441 3795 nulla
469 3754 500 3796 re
528 3732 624 3796 deleri
650 3733 785 3817 possint,
820 3755 890 3796 curn
919 3755 1004 3817 seges
1032 3755 1124 3820 saepe
1152 3743 1208 3799 ant
1234 3735 1387 3806 imbribus
1416 3747 1474 3803 aut
1547 3749 1548 3802 f

245 3845 439 3909 siccitatibus
467 3851 692 3928 corrumpatur.
738 3845 784 3908 Ae
807 3867 847 3908 ne
870 3845 979 3910 eadem
1002 3847 1129 3930 quidem
1153 3847 1360 3912 similitudine
1384 3857 1472 3914 uter-

247 3978 307 4039 que
331 3958 445 4020 utitur:
469 3956 632 4040 Euripides
655 3956 871 4021 educationem
897 3980 967 4022 cum
990 3965 1186 4043 tempestate,
1209 3960 1373 4044 Antiphon
1396 3983 1471 4027 cum

247 4077 386 4133 semente
420 4076 593 4153 comparat;
629 4069 790 4153 Euripides
823 4069 962 4134 indolem
996 4071 1062 4135 sive
1097 4071 1209 4136 bonam
1241 4071 1308 4137 sive
1339 4075 1471 4156 malam,

246 4180 408 4265 Antiphon
437 4181 619 4245 eruditionis
648 4181 866 4246 excellentiam
893 4183 1048 4265 exstingui
1076 4204 1165 4268 posse
1193 4192 1294 4268 negat.
1339 4185 1402 4250 Sed
1431 4189 1471 4253 de

246 4294 304 4357 hec
327 4294 412 4358 satis.

247 4425 449 4434 ——.-

335 4499 378 4564 ιοἸ)
397 4500 415 4555 l.
434 4515 456 4554 c.
477 4516 503 4569 p.
519 4499 568 4553 175
579 4517 619 4570 sq·
639 4499 706 4566 (23).
