3128 5124
614 401 828 485 ..45-

102 570 210 654 Saepe
234 576 347 635 natura
370 571 439 656 plus
462 572 546 636 valet
568 572 711 636 doctriua
730 573 780 654 (fr.
799 573 864 654 53).
904 574 1013 656 Neque
1036 593 1142 636 veram
1165 573 1330 640 scientiam

103 683 210 746 multa
233 683 378 746 discendo
401 684 454 748 sed
479 685 613 748 multum
638 685 801 766 cogitando
826 687 999 770 assequeris
1021 687 1072 767 (lr.
1090 685 1157 767 65).

197 795 354 860 Nimirum
403 797 577 860 subtilitate
625 796 866 880 philosophandi
922 797 1118 862 Democritus
1174 798 1333 884 sophistas

102 908 288 991 superabat.
350 908 540 984 Quibuscum
581 909 619 973 de
653 909 706 972 via
740 931 775 972 ao
810 910 940 990 ratione,
978 931 1040 992 qua
1073 916 1106 974 et
1138 911 1332 993 singulorum

103 1021 273 1084 hominum
315 1020 413 1084 virtus
459 1029 490 1086 et
533 1021 631 1086 totius
674 1023 717 1085 rai
756 1022 899 1105 publicae
939 1022 1023 1085 salus
1065 1023 1244 1107 appetenda
1281 1024 1333 1102 sit,

103 1133 334 1197 consentiebat.
392 1134 566 1197 Verisimile
606 1143 654 1198 est
691 1134 787 1217 igitur
824 1135 904 1198 banc
939 1135 1092 1199 educandi
1130 1134 1330 1218 disciplinam

104 1246 145 1308 ab
182 1243 343 1308 Abderitis
377 1245 545 1328 Protagora
581 1253 613 1309 et
645 1245 824 1310 Democrito
864 1247 973 1330 primis
1007 1248 1045 1310 ad
1079 1247 1233 1310 rationem
1266 1267 1331 1310 esse
1370 1254 1398 1308 r(

104 1365 296 1421 revocatam.
355 1359 454 1434 Quam
487 1359 640 1422 rationem
675 1358 839 1442 plerosque
872 1359 999 1422 virtutis
1032 1359 1082 1422 vol
1116 1359 1192 1424 artis
1225 1358 1333 1423 ouius-

104 1469 181 1533 dam
208 1470 373 1551 magistros
400 1478 521 1534 secutos
549 1491 613 1534 esse
637 1493 709 1535 cum
732 1493 771 1536 ex
795 1472 842 1534 bis
866 1471 1025 1554 Anonymi
1049 1470 1231 1535 Iamblichei
1254 1470 1332 1535 locis

104 1583 324 1663 cognovimus:
351 1581 407 1658 1,2
430 1586 535 1667 φῦναι
559 1583 611 1661 μὲν
634 1587 749 1666 πρῶτον
774 1585 832 1645 δεῖν
856 1583 904 1644 καὶ
927 1587 1012 1645 τοῦτο
1036 1583 1088 1665 μὲν
1111 1582 1243 1667 τῇτόχγγ
1261 1582 1331 1644 oino-

104 1693 260 1768 δεδόσθαι,
285 1695 321 1756 τὰ
349 1695 381 1756 δὲ
408 1694 456 1756 ἐπ’
479 1694 560 1778 αὐτῷ
589 1695 647 1779 ἤδη
677 1700 719 1778 τῷ
750 1697 901 1778 ἀνθρώπῳ
929 1697 998 1758 τάδε
1026 1695 1113 1767 εἶναι,
1146 1695 1331 1777 ἐπιθυμητὴν

102 1807 243 1889 γενέσθαι
276 1813 334 1868 τῶν
368 1810 466 1869 καλῶν
501 1811 548 1871 καὶ
583 1808 703 1888 ἀγαθῶν
738 1807 929 1890 φιλόπονόν
963 1801 999 1872 Ιτε
1033 1809 1081 1871 καὶ
1115 1808 1331 1890 πρωιαίτατα

105 1921 332 1998 μανθάνοντα
354 1921 402 1982 καὶ
426 1918 536 1981 πολδν
559 1919 687 2003 χρόνον
704 1919 801 1988 αὐτοῖς
818 1922 1066 1984 συνδιατελοδντα.
1098 1921 1153 2001 2,1
1180 1914 1331 1988 ..αὐτίκα

104 2035 152 2093 δεῖ
174 2032 301 2093 νέον..
325 2030 508 2114 ἄρξασθαι.
554 2031 611 2113 2,6
634 2029 676 2094 ἔτι
700 2033 804 2095 δὲκαὶ
828 2034 843 2094 ό
867 2032 997 2116 χρόνος
1021 2035 1114 2096 συνὼν
1139 2033 1190 2112 μὲν
1214 2033 1330 2115 ἑκάστῳ

104 2143 186 2228 ἔργῳ
229 2144 276 2205 καὶ
319 2145 464 2224 πράγματι
500 2145 590 2211 πολὺς
626 2144 675 2207 καὶ
713 2146 760 2207 διὰ
788 2149 911 2228 μακροῦ
949 2144 1081 2228 κρατύνει
1120 2147 1162 2208 τὸ
1200 2146 1331 2209 άσκοό-

105 2279 238 2338 μενον.
256 2303 264 2318 .
282 2255 383 2336 .¹⁰⁰⁸)‚
407 2263 473 2320 tum
499 2277 537 2320 ex
559 2256 667 2321 fabula
692 2257 807 2337 elucet,
831 2279 893 2340 qua
916 2257 1016 2340 διῴκει
1037 2257 1179 2340 Πρόδικος
1201 2259 1254 2340 τὴν
1278 2256 1327 2320 ὑπ’

99 2368 230 2452 Ἀρετῆς
248 2367 427 2452 Ἡρακλέους
450 2371 596 2432 παίδευσιν
621 2369 714 2451 (Xeu.
734 2371 826 2434 Mam.
843 2371 874 2434 ΙΙ
898 2369 998 2452 1,34).
1045 2376 1091 2434 Αο
1115 2371 1251 2453 primum
1274 2371 1331 2434 illa

104 2483 165 2546 dea
189 2481 325 2546 multum
349 2482 388 2544 ad
412 2483 562 2546 virtutem
587 2483 689 2545 valere
712 2481 802 2559 dicit,
827 2483 909 2565 quod
934 2483 1084 2547 Hercules
1109 2483 1197 2547 bouis
1219 2504 1331 2568 paren-

103 2595 190 2658 tibus
221 2602 306 2659 ortus
328 2595 381 2676 (cl.
406 2595 479 2658 Crit.
503 2595 541 2658 fr.
558 2594 614 2677 32)
645 2595 787 2678 bonaque
814 2595 919 2658 indole
947 2595 1106 2680 praeditus
1134 2595 1176 2659 sit
1196 2595 1233 2677 (l.
1251 2618 1276 2659 ο.
1299 2595 1330 2658 Il

108 2707 211 2790 137).
246 2706 381 2771 Deinde:
406 2707 457 2774 τὰς
480 2707 640 2787 πολεμικὰς
663 2707 767 2789 τέχνας
790 2707 880 2775 αὐτάς
903 2731 934 2770 τε
958 2708 1037 2791 παρὰ
1053 2707 1111 2769 τῶν
1128 2708 1330 2788 ἐπισταμένων

105 2819 287 2902 μαθητέον
320 2822 368 2882 καὶ
403 2819 484 2887 ὅπως
516 2819 617 2888 αὐταῖς
644 2821 690 2881 δεῖ
716 2821 848 2902 χρῆσθαι
875 2819 1049 2902 ἀσκητέον
1077 2819 1328 2902 (l.c.111‚28).

105 2932 157 2995 Nil
183 2932 257 2995 boui
280 2931 420 2996 homines
443 2933 509 2995 sina
533 2952 645 3013 magno
668 2931 774 2995 labore
799 2932 945 3015 consequi
969 2952 1057 3015 posse
1081 2953 1153 2995 oum
1174 2931 1244 2995 aliis
1260 2939 1327 2995 tum

105 3043 252 3127 exemplo
276 3043 483 3126 agriculturae
499 3044 647 3108 Prodicus
670 3045 863 3108 demonstrat
884 3044 921 3124 (l.
938 3044 993 3126 o.):
1017 3043 1075 3107 εἴτε
1097 3049 1151 3127 γῆν
1168 3045 1266 3128 βούλει
1283 3066 1329 3106 σοι

103 3156 235 3239 καρποὺς
268 3156 418 3238 ἀφθόνους
451 3155 566 3239 φέρειν,
600 3158 652 3239 τὴν
685 3160 739 3239 γῆν
769 3156 976 3241 θεραπευτέον.
1023 3158 1102 3220 Item
1131 3157 1328 3221 Damocritus

104 3270 227 3333 labores
255 3267 439 3353 disciplinae
466 3290 537 3332 cum
565 3290 638 3350 agro
667 3269 794 3334 colendo
824 3277 984 3352 comparat
1010 3270 1062 3351 (fr.
1087 3269 1175 3350 182);
1210 3268 1246 3331 τὰ
1275 3271 1328 3348 μὲν

105 3381 183 3444 καλολ
198 3383 339 3466 χρήματα
360 3387 420 3450 τοῖς
442 3381 540 3450 πόνοις
563 3384 582 3463 ἡ
608 3383 735 3463 μάθησις
759 3383 995 3465 ἐξεργάζεται,
1019 3384 1055 3444 τὰ
1078 3381 1103 3445 δ’
1125 3382 1234 3465 αἰσχρὰ
1256 3382 1329 3445 άνευ

103 3497 202 3558 πόνων
238 3492 388 3575 αὐτόματα
425 3498 620 3578 καρποῦται
657 3498 718 3558 κτλ.
770 3495 837 3559 Hac
876 3495 960 3558 euim
997 3516 1101 3558 rerum
1139 3495 1326 3559 rusticarum

103 3606 327 3684 similitudine,
356 3615 395 3670 ut·
417 3607 485 3670 loco
516 3608 689 3680 communi,
719 3607 908 3689 quicumque
937 3607 975 3670 de
998 3607 1119 3671 ratione
1142 3607 1328 3690 disciplinae

103 3720 239 3800 disserit,
263 3719 310 3782 uti
333 3717 486 3802 solet.¹⁰¹)
530 3717 572 3782 Ut
595 3719 777 3803 Protagoras
801 3721 837 3782 fr.
858 3721 910 3782 11:
941 3717 1035 3782 Niobt
1056 3720 1162 3803 sprostt
1185 3719 1327 3802 Bibluny

101 3835 139 3894 ιἰι
161 3832 216 3894 der
238 3827 330 3910 θεοῖο,
354 3851 441 3892 menn
462 3852 539 3892 mou
561 3830 645 3892 nicht
665 3852 705 3892 zu
727 3830 818 3893 violer
837 3828 924 3912 Tiefe
944 3830 1060 3893 bemont
1079 3827 1239 3911 (Vorsolr.²
1260 3830 1324 3893 ΙΙΙ

103 3967 133 4029 p.
150 3941 298 4024 ulula).
344 3942 431 4006 Idem
459 3943 491 4005 in
519 3942 658 4006 Platonis
686 3942 857 4006 Theaeteto
880 3942 956 4023 (167
966 3942 1015 4026 b):
1049 3944 1096 4004 καὶ
1123 3942 1190 4010 τοὺς
1216 3942 1327 4026 σοροὺς

196 4221 258 4288 10ολ)
278 4221 310 4273 cl.
330 4219 498 4293 πολυχρονίην
512 4219 619 4290 μελέτην
638 4221 666 4272 iu
681 4221 765 4273 Eueni
784 4220 817 4272 fr.
831 4221 856 4286 9,
870 4221 940 4287 quod
959 4236 991 4272 ex
1010 4221 1090 4273 buius
1104 4223 1167 4273 Arte
1186 4219 1326 4273 aPlatone

103 4309 228 4377 (Phaedr.
244 4310 327 4373 usta)
347 4316 551 4362 commemorata
569 4315 701 4376 sumptum
722 4325 777 4362 esse
792 4309 909 4362 Dialesio
928 4309 1034 4361 videtur
1052 4309 1174 4376 (Gorgias
1188 4326 1214 4361 u.
1230 4309 1327 4377 Empe-

104 4398 206 4462 dolrles,
226 4397 294 4451 Berl.
314 4397 377 4450 Sita.
393 4397 450 4450 Der.
473 4397 539 4450 1884
559 4414 585 4465 p.
599 4397 661 4461 8,1).

197 4487 239 4550 ¹⁰¹)
259 4487 292 4539 cf.
311 4487 439 4556 Gomperz
459 4487 477 4540 l.
497 4502 520 4538 c.
539 4486 567 4537 1²
585 4485 647 4538 329.
