3128 5124
609 479 651 490 ..
695 444 733 536 21
775 475 823 490 ‚„,

101 617 291 701 Toepserum
314 637 425 696 errare,
449 636 520 678 eum
541 615 700 697 Anonymi
723 615 907 680 lamblichei
929 614 1081 680 rationem
1109 614 1236 678 omnino
1265 615 1321 678 ab·

101 729 227 794 horrere
251 736 340 814 putet
362 729 401 792 ab
425 724 679 812 Antiphonte⁴⁸).
724 727 839 804 Quodsi
862 728 946 791 hune
969 747 1164 792 communem
1188 727 1321 792 salutern

101 841 275 926 respexisse
299 847 400 924 negat,
423 838 515 904 aliter
536 860 603 904 rem
619 861 651 903 se
666 839 780 904 habere
795 841 871 906 satis
887 840 1179 905 demonstravimus.
1202 840 1322 905 Tamen

100 953 159 1017 hoc
182 953 332 1016 interesse
354 951 433 1015 mihi
454 951 579 1014 videtur
601 950 683 1014 inter
706 958 884 1035 utrumque,
914 951 996 1033 quod
1018 949 1180 1035 Antiphon
1214 950 1321 1014 unius-

99 1064 252 1146 cuiusque
275 1063 358 1125 vitae
382 1060 490 1125 beatae
514 1061 650 1125 maxime
665 1061 828 1143 studet⁴⁴),
848 1061 1034 1144 Anonymus
1051 1060 1214 1124 [amblichi
1238 1061 1320 1125 mul-

100 1181 205 1237 torum
229 1173 323 1236 saluti
347 1172 451 1235 omnia
473 1170 642 1253 tribuit⁴⁵).

188 1284 353 1349 Neminem
380 1283 475 1366 igitur
501 1283 590 1350 beate
619 1285 723 1348 vivere
751 1305 838 1367 posse
865 1283 1026 1368 Antiphon
1062 1283 1152 1348 docet
1178 1282 1239 1346 nisi
1267 1284 1321 1365 qui

99 1397 266 1462 concordia
299 1396 444 1480 vitaeque
477 1395 626 1460 socictate
660 1417 731 1460 eum
764 1397 885 1461 civibus
920 1397 1104 1460 coniunctus
1126 1398 1176 1459 sit.
1222 1395 1320 1478 Atqui

100 1507 295 1574 concorditer
328 1509 432 1572 vivere
466 1528 537 1571 eurn
571 1515 671 1593 putat,
706 1509 760 1592 qui
788 1509 1014 1594 cupiditatibus
1041 1507 1139 1571 animi
1165 1508 1320 1593 imperare

97 1623 152 1704 (fr.
169 1620 230 1704 58)
261 1630 292 1685 55
320 1620 439 1704 legibus
473 1621 687 1704 obtemperare
711 1621 764 1703 (tr.
781 1620 835 1700 61>
865 1621 1014 1703 bonisque
1042 1621 1126 1685 vitae
1159 1627 1242 1685 recte
1274 1621 1321 1684 uti

99 1735 224 1816 fruique
247 1733 299 1815 (fr.
312 1734 369 1814 54)
391 1733 542 1796 didicerit.
588 1733 664 1816 Ergo
686 1733 773 1797 nulla
794 1755 826 1797 re
841 1734 939 1815 magis
955 1753 1032 1818 opus
1049 1753 1115 1796 esse
1138 1732 1319 1816 persuasum

98 1846 196 1911 habet
223 1867 317 1930 quam
345 1845 541 1909 educatione:
577 1849 702 1929 πρῶτον,
731 1845 821 1927 οἶμαι,
850 1851 907 1907 τῶν
931 1845 962 1908 ἐν
985 1845 1152 1929 ἀνθρώποις
1174 1844 1235 1908 ἐστὶ
1259 1845 1320 1908 παί-

98 1962 198 2028 δευσις
220 1962 282 2023 κτλ.
306 1959 358 2040 (fr.
375 1956 441 2038 60).
492 1958 630 2022 Maxima
653 1965 758 2021 autem
782 1979 877 2041 opera
896 1965 962 2022 erat
977 1958 1017 2037 ei,
1033 1958 1087 2042 qui
1104 1957 1142 2021 de
1157 1957 1320 2022 concordia

97 2071 234 2156 scripsit,
259 2069 485 2155 temperantiae
510 2069 622 2150 danda,
646 2070 683 2133 de
707 2092 769 2154 qua
792 2071 853 2153 egit
875 2071 907 2134 in
931 2071 967 2134 fr.
985 2069 1027 2134 58
1043 2078 1075 2134 55
1089 2069 1130 2134 59
1157 2071 1322 2135 sententiis

98 2191 167 2247 arte
190 2183 436 2247 cohaerentibus.
481 2183 565 2257 Quae
599 2182 699 2246 virtus
728 2191 879 2266 quantum
909 2183 947 2246 ad
976 2182 1170 2247 concordiam
1205 2183 1319 2263 valeat,

97 2295 189 2360 Plato
212 2295 257 2358 ita
280 2295 416 2379 exponit,
441 2303 476 2359 ut
498 2294 582 2358 dicat
604 2295 799 2359 concordiam
822 2297 1032 2380 temperantia
1054 2296 1216 2378 contineri,
1240 2318 1319 2380 quae

97 2408 281 2472 harmoniae
304 2407 428 2471 cuidam
451 2407 562 2471 similis
590 2413 770 2491 portatam
797 2415 905 2492 pateat
931 2409 1104 2473 civitatem:
1134 2409 1211 2471 ὥστε
1233 2408 1318 2491 δρδό·
1420 2433 1422 2440 ’

96 2518 159 2582 τοτ’
188 2517 223 2582 ἂν
247 2524 354 2602 φαῖμεν
378 2519 482 2602 ταύτην
506 2519 558 2602 τὴν
582 2518 718 2600 ὁμόνοιαν
743 2521 933 2604 σωφροσύνην
957 2520 1039 2594 εἶναι,
1057 2519 1193 2605 ’χείρονός
1216 2545 1247 2584 τε
1270 2523 1318 2584 καὶ

97 2633 251 2713 ἀμείνονος
273 2631 346 2695 κατὰ
370 2633 453 2716 φύσιν
478 2633 648 2715 συμφωνίαν
673 2631 811 2715 ὁπότερον
835 2635 882 2696 δεῖ
901 2633 1004 2718 ἄρχειν
1027 2635 1074 2696 καί
1102 2634 1132 2696 ἐν
1159 2633 1242 2696 πόλει
1269 2636 1317 2698 καὶ

96 2746 133 2808 ἐν
158 2745 208 2808 ἑνὶ
232 2747 371 2828 ἑκάστῳ
393 2745 485 2829 (Rep.
505 2745 604 2826 4325,
626 2746 663 2808 of.
680 2745 775 2810 4315.
801 2746 930 2810 Phaedr.
956 2746 1041 2810 2375
1064 2747 1157 2810 τούτω
1180 2748 1212 2809 δὲ
1235 2746 1316 2828 (scil.

94 2858 168 2928 δόξα
201 2864 232 2921 55
266 2857 423 2939 ἐπιθυμία)
450 2857 480 2920 ἐν
507 2859 577 2940 ἡμῖν
605 2857 670 2920 τοτέ
700 2860 751 2938 μὲν
779 2859 955 2940 δμονοεῖτον,
984 2857 1045 2921 ἔστι
1072 2860 1104 2921 δὲ
1128 2858 1176 2921 διε
1200 2861 1316 2922 στασιοί-

95 2976 178 3042 ζετον
201 2969 288 3051 κτλ.).
334 2970 472 3034 Eandem
504 2990 577 3034 vero
613 2977 753 3054 oportere
787 2971 819 3033 in
846 2990 1034 3054 unoquoque
1061 2991 1127 3034 esse
1155 2980 1248 3053 atque
1282 2972 1315 3034 iu

92 3083 225 3147 civitate
248 3081 453 3146 concordiam.
500 3082 563 3146 Nec
587 3083 671 3146 enirn
695 3081 880 3145 concordare
903 3103 974 3146 cum
990 3083 1110 3147 civibus
1127 3103 1183 3146 555
1198 3083 1314 3148 iustum

93 3217 162 3260 5555
191 3215 391 3278 quemquam,
426 3193 512 3258 cuius
545 3195 668 3258 animus
700 3193 925 3279 cupiditatibus
959 3195 1004 3258 ita
1036 3196 1246 3278 perturbetur,
1280 3205 1316 3260 ut

90 3329 200 3372 secum
224 3307 290 3390 ipse
314 3305 481 3371 discordet:
506 3309 620 3374 στάσεις
642 3309 696 3390 γάρ
720 3331 799 3370 που.
825 3357 831 3370 .
856 3357 863 3371 .
888 3309 908 3391 ἥ
930 3329 962 3389 γε
980 3308 1077 3371 ἀδικία
1100 3309 1148 3370 καὶ
1173 3308 1243 3392 μίση
1267 3310 1314 3371 καὶ

92 3423 195 3504 μάχας
218 3419 248 3481 ἐν
272 3419 408 3502 ἀλλήλοις
431 3418 564 3503 παρέχει,
587 3421 606 3500 ἡ
631 3420 663 3481 δὲ
686 3418 854 3503 δικαιοσύνη
880 3418 1016 3501 ὁμόνοιαν
1039 3421 1087 3482 καὶ
1110 3421 1207 3504 φιλίαν
1222 3421 1313 3506 (Rep.

91 3534 152 3596 351
163 3532 220 3613 d.).
243 3569 285 3578 -
308 3529 367 3594 Καὶ
402 3531 432 3593 ἐν
466 3532 508 3594 ἑνὶ
543 3533 579 3615 δὴ
612 3531 693 3611 οἶμαι
727 3533 832 3595 ἐνοῦσα
854 3533 910 3615 (55.
935 3534 953 3615 ἡ
977 3531 1088 3614 ἀδικία)
1111 3533 1200 3596 ταύτὰ
1224 3538 1315 3597 ταῦτα

91 3645 212 3727 ποιήσει
235 3643 309 3725 casp
333 3643 460 3726 πέφυκεν
484 3643 671 3726 ἐργάζεσθαι·
695 3649 809 3728 πρῶτον
833 3645 884 3726 μὲν
908 3645 1047 3709 ἀδύνατον
1071 3646 1158 3710 αὐτὸν
1181 3649 1314 3728 πράττειν

92 3759 212 3840 ποιήσει
235 3757 471 3827 στασιάζοντα
493 3758 542 3819 καὶ
565 3756 631 3841 οὐχ
666 3759 881 3839 ὁμονοοῦντα
913 3757 1016 3820 αὐτὸν
1051 3758 1179 3842 ἑαυτῷ,
1215 3756 1313 3822 ἔπειτα

91 3870 228 3954 ἐχθρὸν
252 3870 310 3931 καὶ
335 3868 448 3954 ἑαυτῷ
472 3870 529 3932 καὶ
552 3875 623 3936 τοῖς
646 3871 799 3938 δικαίοις
819 3870 910 3953 (Rep.
935 3870 1047 3952 3525).
1093 3872 1202 3955 Itaque
1225 3871 1314 3935 iusti·

92 3983 170 4046 tiam
191 3981 240 4044 sic
263 3980 430 4045 definiunt:
455 3983 622 4066 δικαιοσύνη
647 3981 794 4060 ὀμόνοια
828 3987 890 4064 τῆς
923 3987 1039 4066 ψυχῆς
1072 3983 1157 4066 πρὸς
1191 3984 1312 4067 αὑτήν,

183 4189 194 4222 ⁴
238 4188 255 4241 l.
291 4225 297 4238 .
337 4187 399 4241 .47.

183 4189 218 4344 ⁴⁴³}
237 4205 408 4344 etceapquae
428 4275 460 4330 de
480 4278 511 4330 fr.
525 4277 559 4329 54
578 4281 604 4330 55
623 4275 656 4328 58
675 4275 791 4328 diximus
810 4281 836 4329 et
856 4276 889 4329 de
908 4275 1018 4345 reliquis
1037 4292 1210 4344 exponemus

183 4365 216 4427 ⁴⁵)
236 4364 361 4418 Conieras
381 4364 520 4418 Benthami
540 4367 678 4429 rationem,
707 4363 752 4428 qui
776 4379 906 4417 summum
927 4365 1023 4417 bonum
1044 4365 1133 4432 posuit
1152 4365 1180 4417 in
1200 4365 1313 4417 maxima

88 4469 171 4523 quam
196 4452 369 4520 plurimorum
394 4453 522 4506 felicitate
545 4455 580 4517 (ία
604 4455 642 4504 the
662 4462 770 4520 precem
793 4455 927 4522 happiness
950 4455 981 4518 os
1001 4454 1038 4502 tta
1063 4464 1170 4519 procreet
1195 4453 1311 4518 nurnber).

88 4543 131 4596 Cf.
153 4541 300 4610 Ueberueg
319 4539 335 4591 l.
350 4555 371 4593 5.
391 4556 417 4608 p.
431 4541 491 4594 524.
529 4541 645 4594 Poehlm.
665 4541 683 4594 i.
697 4556 718 4593 c.
739 4557 765 4608 p.
779 4539 839 4594 370.
857 4540 919 4594 467.
