3128 5124
616 381 831 445 ..47-

196 555 335 620 Maximo
373 553 413 618 ad
449 574 552 618 mores
594 552 832 618 conformandos
873 558 1033 617 momento
1075 551 1332 617 consuetudinem

106 669 276 734 hominum
306 687 372 731 esse
400 665 565 751 Antiphon
592 665 682 730 docet
708 667 745 729 fr.
762 665 817 730 6⁴2:
846 665 901 749 οἵῳ
927 689 971 734 τις
996 665 1031 730 ἂν
1059 665 1091 728 τὸ
1119 668 1332 747 elalamoth<

101 781 222 866 ἡμέρας
249 783 338 863 συνῇ,
370 782 498 843 τοιοῦτον
528 779 640 864 ἀνάγκη
663 776 800 860 γενέσθαι
823 779 871 842 καὶ
897 777 985 842 αὐτὸν
1012 778 1080 846 τοὺς
1106 777 1241 861 τρόπους.
1287 776 1332 840 Cf.

104 896 252 960 Democr.
276 894 314 957 fr.
334 892 408 958 184:
439 892 559 976 φαύλυιν
587 892 687 977 ὁμιλίιγ
711 892 837 976 συνεχὴς
860 891 917 961 ἕξιν
940 891 1043 976 κακίης
1066 891 1207 960 συναύξει.
1251 889 1342 954 Xen.r

105 1005 340 1088 Mem.12‚19:
364 1006 416 1088 τὴν
442 1006 493 1085 μὲν
515 1011 574 1068 τῶν
597 1008 736 1089 χρηστῶν
759 1003 874 1086 ὁμιλίαν
896 1002 1020 1089 ἄσκησιν
1042 1001 1132 1067 ούσαν
1148 1008 1200 1087 τῆς
1215 1003 1333 1087 ἀρετῆς.

102 1120 153 1184 cf.
174 1119 289 1202 Theog.
303 1118 419 1202 3lsqq.
432 1114 537 1203 [Isca]
553 1117 594 1181 ad
610 1119 740 1182 Demon.
757 1117 773 1180 I
788 1116 839 1180 33.
874 1116 946 1180 lior.
963 1117 1000 1180 fr.
1014 1116 1088 1182 609.
1101 1116 1174 1180 812.
1190 1113 1332 1180 1013¹N.

196 1231 243 1294 Ex
264 1229 352 1295 nullo
374 1251 447 1294 vero
468 1231 641 1313 fragmento
660 1229 859 1294 manifestius
874 1229 919 1311 lit,
943 1228 1044 1313 qualis
1060 1228 1155 1292 fuerit
1169 1227 1333 1312 Antiphon

105 1343 237 1408 virtutis
259 1341 408 1426 magister
431 1363 526 1426 quam
542 1363 580 1407 ex
595 1343 610 1405 f
625 1391 632 1405 .
646 1342 702 1406 61:
730 1341 871 1426 ἀναρχίας
886 1339 913 1404 δ’
934 1340 1018 1404 οὐδὲν
1033 1343 1134 1406 κάκιον
1150 1340 1332 1424 ἀνθρώποις·

106 1459 202 1520 ταῦτα
228 1457 420 1538 γινώσκοντες
451 1455 478 1517 οἱ
506 1454 634 1537 πρόσθεν
661 1452 813 1538 ἄνθρωποι
841 1454 899 1517 άπὸ
927 1459 979 1537 τῆς
1008 1454 1104 1539 ἀρχῆς
1131 1451 1239 1525 alhaico
1265 1452 1333 1522 τούς

104 1571 216 1636 παῖδας
244 1566 391 1652 ἄρχεσθαι
419 1570 466 1630 καλ
493 1567 526 1630 τὸ
552 1568 743 1648 κελευόμενον
772 1571 873 1642 ποιεῖν,
901 1567 948 1630 ἵνα
977 1569 1017 1651 μὴ
1045 1566 1264 1651 ἐξανδρούμενοι
1292 1565 1334 1634 τίς

105 1681 240 1765 μεγάλην
274 1680 437 1764 μεταβολὴν
470 1677 562 1748 ἰόντες
593 1679 814 1764 ἐκπλήσσοιντο.
859 1679 961 1745 Mores
992 1679 1089 1763 igitur
1115 1700 1134 1743 a
1163 1677 1333 1743 maioribus

105 1793 242 1859 traditos
264 1791 433 1858 servandos
457 1812 522 1856 esse
545 1799 660 1856 censet.
702 1792 771 1856 Iam
793 1814 812 1857 a
833 1790 939 1877 pueris
962 1791 1046 1856 cives
1068 1791 1189 1875 legibus
1212 1791 1333 1855 obtem·

107 1926 220 1991 perere
243 1924 441 1969 consuescere
465 1903 589 1968 debent.
628 1903 740 1968 Nullae
762 1904 856 1986 leges,
880 1904 968 1968 nulla
989 1903 1083 1969 salus.
1117 1904 1225 1989 Neque
1248 1903 1333 1988 quic-

104 2038 205 2101 quam
234 2015 275 2079 ad
302 2036 501 2081 communem
528 2016 662 2080 salutem
690 2016 761 2101 plus
784 2024 887 2101 potest
910 2037 943 2080 re
966 2015 1093 2101 publica
1114 2017 1193 2080 bene
1217 2015 1333 2081 consti-

107 2137 191 2194 tuta.
214 2129 326 2212 Itaque
348 2149 411 2192 non
435 2127 572 2192 alienum
595 2136 644 2193 est
666 2150 703 2193 ea
725 2149 805 2212 quae
830 2129 1019 2214 Antiphonti
1041 2129 1190 2213 probatur
1212 2127 1334 2209 ὁμόνοια

106 2243 149 2306 ab
178 2225 422 2306 Atheniensium
449 2261 482 2304 re
510 2240 637 2326 publica
664 2241 821 2326 populari,
855 2241 957 2324 qualis
984 2241 1112 2305 Periclis
1140 2241 1333 2327 temporibus
1388 2235 1415 2290 ἴ

106 2354 242 2417 florebat
268 2353 322 2433 (cf.
347 2353 445 2420 Thuc.
462 2351 575 2436 1137).
622 2352 731 2436 Neque
763 2353 854 2418 aliter
879 2353 1078 2419 Democritus
1109 2354 1205 2418 sentit
1232 2375 1333 2439 neque

108 2467 305 2548 Protagoras,
328 2465 444 2550 quippe
460 2464 514 2549 qui
529 2463 637 2528 laudet
651 2465 725 2550 otoo
740 2488 772 2528 τε
788 2467 836 2529 καὶ
853 2466 944 2550 δίκην,
962 2464 997 2530 ἵν’
1021 2465 1079 2530 alcu
1095 2469 1209 2530 πόλεων
1226 2465 1330 2550 κύσμοι

106 2601 140 2640 τε
162 2580 213 2640 καὶ
237 2577 339 2657 δεσμοί
361 2577 457 2660 φιλίας
480 2577 643 2659 συναγωγοί
664 2576 725 2660 (Pl.
743 2577 826 2642 Prot.
843 2577 951 2660 3220).
990 2580 1076 2655 Quae
1098 2579 1197 2660 ipsius
1213 2579 1332 2645 Aristo·

106 2690 181 2755 telis
207 2691 310 2754 verbis
343 2689 541 2754 illustrantur
581 2697 675 2774 atque
709 2691 935 2755 confirmantur
962 2691 1046 2773 (Eth.
1067 2691 1187 2757 Nicom.
1206 2693 1281 2756 VIlI
1303 2696 1331 2756 l.

109 2801 215 2868 1155·
230 2801 301 2884 22):
326 2799 402 2865 ἔοικε
424 2803 458 2865 δὲ
480 2802 528 2865 καὶ
550 2800 602 2869 τὰς
624 2801 723 2870 πόλεις
746 2801 879 2887 συνέχειν
902 2804 921 2885 ip
945 2804 1036 2886 φιλία,
1059 2807 1108 2867 καλ
1128 2806 1155 2866 οἱ
1175 2804 1332 2884 νομοθέται

107 2918 223 2997 μᾶλλον
247 2915 313 2997 περὶ
336 2913 427 2998 αὐτὴν
450 2916 623 2986 σπουδάζειν
647 2915 666 2998 ἢ
690 2915 742 2998 τὴν
763 2915 961 2998 δικαιοσύνην·
986 2916 1077 3000 ἡγὰρ
1093 2915 1215 2998 ὁμόνοια
1231 2916 1332 2996 ύμοιάν

105 3051 135 3090 τι
163 3032 202 3109 τῇ
230 3027 313 3110 φιλία
339 3024 432 3090 ἔοικεν
459 3027 547 3100 εἶναι,
579 3027 685 3110 ταύτης
717 3029 750 3090 δὲ
778 3025 896 3109 μάλιστ’
922 3027 1049 3111 ἐφίενται
1076 3029 1124 3092 καλ
1151 3030 1203 3112 τὴν
1231 3031 1331 3093 στάσιν

105 3138 225 3226 ἔχθραν
248 3136 337 3203 οὖσαν
361 3142 486 3221 μάλιστα
509 3139 719 3210 ἐξελαύνουσιν.

197 3561 316 3626 Notum
340 3568 386 3626 est
408 3561 606 3647 philosophos
630 3561 793 3648 populares
816 3563 932 3626 saeculi
949 3561 1055 3626 XVIII
1076 3585 1107 3648 p.
1125 3563 1179 3628 Ch.
1196 3585 1226 3628 n.
1242 3564 1331 3629 simi-

108 3675 153 3740 lia
174 3673 315 3737 docuisse
335 3681 429 3758 atque
451 3673 615 3760 sophistas,
640 3675 695 3758 qui
718 3674 859 3740 homines
882 3674 922 3738 ad
944 3694 1101 3739 summam
1124 3675 1330 3740 eruditionem

108 3784 280 3873 perducere
307 3785 484 3850 studebant.
534 3785 645 3868 ltaque
673 3785 713 3850 ad
741 3786 959 3852 illustrandam
983 3787 1187 3872 Antiphontis
1219 3785 1330 3852 doctri-

108 3919 185 3964 nam
209 3904 319 3982 aptum
343 3919 408 3962 esse
436 3898 514 3962 mihi
542 3899 665 3963 videtur
691 3899 825 3963 similem
852 3900 990 3963 conferre
1012 3899 1149 3964 Helvetii
1177 3901 1330 3964 rationem

108 4032 147 4074 ac
171 4008 380 4092 disciplinam.
426 4010 472 4073 lia
494 4010 573 4075 libro
590 4010 685 4093 igitur
700 4010 776 4091 eius,
794 4030 885 4094 quem
902 4032 998 4095 supra
1014 4011 1330 4076 commemoravimus

105 4123 156 4208 (p.
173 4121 217 4186 20
240 4120 312 4185 adn.
328 4122 379 4203 42,
403 4122 442 4186 cl.
455 4143 485 4207 p.
502 4122 542 4186 14
557 4121 629 4186 adn.
642 4123 708 4203 26),
734 4122 789 4186 has
811 4143 968 4209 apponam
990 4126 1162 4188 sententias
1184 4125 1330 4190 selectas:

199 4233 281 4298 sect.
305 4231 359 4313 IV,
384 4253 451 4318 cap.
478 4234 562 4298 Vlll.
607 4233 694 4297 Pour
708 4233 802 4318 jasper
823 4235 971 4318 Plomma,
995 4236 1232 4300 couaide'rona-le
1252 4237 1330 4299 daras

105 4367 167 4410 aon
189 4348 252 4408 ύσαι
272 4343 423 4430 primitis,
446 4345 526 4408 dana
547 4345 627 4408 celui
647 4347 723 4410 cl'uu
736 4369 870 4432 sauoape
892 4368 997 4411 carcre
1010 4347 1164 4433 forouclze
1179 4347 1234 4432 (cf.
1249 4370 1330 4432 quae

106 4458 149 4524 de
174 4455 379 4542 Antiphontis
401 4457 438 4522 ir.
462 4457 587 4523 45-47
613 4458 837 4544 exposuimus).
