3128 5124
593 377 807 443 ..29-

80 551 150 636 ipsi
184 550 317 633 aliisque
350 549 510 613 molestias
544 556 664 634 parent.
719 547 769 611 Ad
803 549 975 613 amicitiam
1003 549 1161 632 pertinent
1192 548 1230 612 fr.
1257 548 1310 613 62.
1373 601 1377 608 .

78 665 165 728 64a.
182 663 213 745 b,
238 662 350 746 quibus
373 669 409 726 ut
432 661 516 726 cauti
539 669 570 724 et
593 660 761 745 prudentes
776 661 875 725 simus
897 661 931 725 in
947 662 1056 726 amicis
1076 661 1227 745 eligendis
1243 683 1312 726 mo·

77 783 148 840 net.
195 761 309 839 Veram
335 781 439 838 autem
468 773 641 837 amicitiam
668 773 839 857 plurimum
870 794 960 858 posse
988 774 1027 837 ad
1055 774 1154 838 vitam
1184 774 1307 839 beatem

79 889 158 972 quis
181 889 211 952 ei
233 889 338 952 visum
360 907 426 951 esse
447 888 589 966 miretur,
614 885 667 969 qni
690 906 850 950 summum
874 886 990 951 bonum
1012 887 1045 950 in
1070 887 1235 952 concordia
1256 909 1310 972 po-

77 1000 204 1065 suerit?
250 1001 317 1076 Qua
339 999 377 1063 de
399 1020 433 1063 re
462 1021 569 1064 omnes
596 999 773 1084 philosophi
801 1000 1015 1080 consentiunt,
1042 1000 1108 1064 sive
1136 999 1308 1064 amicitiam

75 1112 250 1178 concordia
276 1112 429 1177 contineri
457 1119 493 1175 ut
521 1111 609 1175 Plato
632 1110 687 1194 (ol.
703 1111 805 1176 Alcib.
824 1112 890 1175 121)
919 1132 964 1196 sq.
992 1112 1069 1176 Deli.
1097 1113 1212 1196 413a),
1241 1113 1310 1177 sive

76 1225 284 1290 concordiam
306 1225 339 1288 in
363 1223 504 1288 amicitia
526 1224 660 1308 positam
684 1231 798 1308 putant
820 1231 855 1288 ut
877 1224 1060 1290 Aristoteles
1083 1225 1137 1305 (ol.
1161 1225 1230 1288 Eth.
1254 1223 1311 1288 Ni·

75 1359 162 1401 com.
187 1336 262 1400 VIll
287 1341 314 1400 l.
338 1337 383 1400 IX
399 1336 444 1419 6).

673 1449 714 1512 ll.

170 1579 319 1664 Exposita
349 1579 445 1662 igitur
473 1578 676 1662 Antiphontis
709 1578 829 1642 ratione
858 1579 1006 1664 quoniam
1039 1579 1192 1666 ampliora
1226 1581 1306 1664 frag·

78 1699 193 1756 menta
216 1691 255 1754 ad
277 1692 393 1755 librum
419 1689 489 1775 Περὶ
513 1691 649 1774 ὁμονοίας
671 1692 836 1776 pertinere,
861 1693 1068 1776 quantumin
1091 1693 1149 1756 hac
1178 1693 1305 1777 quidem

76 1826 113 1869 re
137 1811 251 1889 potest,
276 1803 475 1887 probavimus
498 1824 599 1887 neque
622 1803 790 1886 quicquam
813 1825 984 1888 repugnare
1012 1805 1307 1883 demonstravimus,

77 1939 143 2002 quo
174 1937 427 2002 permovemur,
458 1923 492 1979 ut
520 1916 671 1980 nonnulla
698 1916 753 1980 olii
781 1917 939 2001 sophistae
971 1917 1052 1981 libro
1085 1918 1307 1998 attribuamus,

76 2031 285 2094 nuncetiam
313 2029 435 2112 singula
463 2049 684 2113 persequemur
711 2037 741 2093 et
771 2030 904 2110 minuta,
932 2051 1012 2113 quae
1040 2031 1141 2095 adhue
1168 2039 1303 2116 praeter-

79 2143 239 2206 misimus.
285 2142 322 2205 ln
345 2143 380 2206 ir.
404 2142 530 2205 45-47
559 2141 837 2225 Duemmler·us⁶’),
866 2144 917 2207 oui
939 2143 1171 2209 Poehlmannus
1199 2165 1307 2209 assen-

76 2255 170 2335 titur,
194 2253 422 2337 Antiphontem
445 2253 620 2335 Σκιάποδας,
637 2253 898 2339 Μακροκεφάλους,
923 2257 978 2318 ὑπὸ
998 2262 1052 2340 γῆν
1069 2258 1219 2325 οἰκοῦντας
1235 2256 1306 2321 ideo

77 2387 341 2432 commemorasse
363 2365 448 2448 dicit,
477 2375 512 2430 nt
540 2388 647 2431 eorum
675 2368 835 2452 exemplis,
869 2389 949 2453 quae
977 2369 1015 2433 de
1043 2371 1161 2454 optima
1188 2391 1220 2434 re
1249 2390 1304 2454 pu·

77 2480 165 2544 blica
187 2479 246 2543 sibi
270 2478 419 2559 tinxisset,
447 2479 552 2563 perfici
581 2500 669 2564 posse
691 2481 845 2566 probaret.
891 2481 990 2558 Quid?
1036 2483 1073 2546 ad
1098 2504 1167 2546 eam
1195 2482 1306 2562 vitam,

78 2613 179 2678 quam
205 2592 399 2656 subterranei
427 2591 589 2674 degerent,
625 2593 707 2656 cives
735 2593 834 2657 redire
858 2593 977 2658 voluit?
1027 2595 1245 2660 lluemmlerus
1273 2603 1307 2658 et

79 2708 238 2769 bonorum
261 2717 292 2768 et
316 2691 483 2769 mulierum
506 2704 758 2769 communionem
774 2707 1000 2791 Antiphontem
1017 2708 1146 2772 Platone
1170 2709 1303 2791 priorem

76 2819 238 2902 expetisse
264 2815 499 2901 suspicatur⁶³).
555 2817 599 2881 Ar
631 2818 723 2900 longe
754 2819 849 2882 aliam
877 2821 1030 2883 rationem
1058 2842 1129 2884 eum
1161 2829 1303 2883 secutum

77 2951 147 2995 esse
173 2929 318 3011 vidimus,
342 2931 395 3014 qui
420 2950 438 2993 a
461 2929 647 3013 Cynicorum
668 2951 758 3013 grege
781 2953 883 2995 rerum
907 2943 1037 2996 naturae
1052 2934 1216 2997 veritatem
1233 2932 1306 2995 imis

76 3042 218 3108 tantium
243 3041 442 3107 vehementer
464 3043 637 3107 abhorreat.
684 3044 745 3108 Cur
768 3052 875 3108 autem
899 3045 1044 3109 toronos
1066 3044 1137 3109 illos
1159 3043 1304 3108 induxit?

77 3157 214 3220 Constat
236 3175 342 3219 eorum
366 3155 520 3239 exemplis
541 3156 696 3240 sophistas
721 3177 792 3220 usos
815 3177 889 3240 esse,
919 3166 954 3221 ut
977 3157 1112 3242 primam
1140 3156 1305 3222 hominum

76 3271 181 3332 uitam
205 3266 425 3348 describerent,
449 3289 544 3352 quam
567 3268 708 3352 plerique
730 3271 901 3334 immanem
924 3278 955 3334 et
970 3270 1122 3334 incultam
1139 3271 1234 3334 luisse
1250 3270 1303 3334 do·

76 3387 224 3444 cuerunt.
269 3379 313 3444 Ut
336 3379 517 3462 Protagoras
547 3383 612 3464 περὶ
640 3386 692 3464 τῆς
726 3383 754 3444 ἐν
789 3384 870 3467 ἀρχῇ
905 3385 1111 3450 καταστάσεως
1144 3383 1303 3466 scripsisse

76 3492 218 3557 traditur
246 3489 415 3574 (Vorsolr.²
437 3492 504 3571 ΙΙΙ,
529 3493 602 3556 14Α
633 3497 647 3556 1
677 3516 706 3578 p.
737 3494 868 3577 b2l,l),
896 3495 978 3559 unde
1004 3505 1132 3578 sumpta
1158 3515 1223 3559 esse
1255 3496 1302 3558 vi-

75 3605 210 3686 dentur,
239 3625 318 3688 quae
346 3604 434 3668 Plato
463 3625 533 3668 eum
564 3604 601 3668 de
629 3605 686 3669 hac
714 3627 746 3670 re
773 3608 847 3670 lacit
874 3607 1029 3671 dicentem
1053 3606 1190 3690 (Protag.
1215 3607 1302 3670 3200

75 3714 224 3800 sqq.)⁶⁴).
270 3717 350 3780 Item
374 3715 536 3801 Euripides
560 3717 675 3796 laudat,
706 3717 738 3785 ὃς
760 3720 829 3801 ἡμῖν
858 3720 953 3803 βίοτον
981 3720 1015 3783 ἐκ
1042 3719 1227 3804 πεφυρμένου
1254 3721 1301 3781 καὶ
1350 3762 1368 3798 ρ

76 3831 250 3914 θηριώδους
276 3829 355 3890 θεῶν
387 3829 623 3912 διεσταθμήσατο
649 3830 774 3914 (Suppl.
798 3833 859 3895 201
888 3833 950 3916 sq.)
1009 3831 1159 3896 Similiter
1191 3831 1302 3895 Critias

73 3945 127 4024 (fr.
161 3941 233 4022 25):
267 3939 303 4024 ἦν
331 3939 451 4024 χρόνος,
480 3939 522 4003 ὅτ’
561 3941 597 4025 ἧν
632 3942 755 4011 ἄτακτος
789 3944 954 4026 ἀνθρώπων
989 3945 1049 4029 βίος
1076 3946 1125 4007 καὶ
1151 3945 1303 4027 θηριώδης

75 4052 186 4136 ἰσχύος
215 4048 400 4134 θ’ὑκτηρέτης
427 4054 488 4114 κτλ.
538 4039 648 4136 Itaque
674 4055 845 4119 verisimile
868 4065 913 4120 est
930 4055 1155 4140 Antiphontem
1179 4055 1217 4117 ad
1236 4055 1302 4118 bar·

75 4172 287 4184 ,-....,..-.--.-

173 4221 1367 4292 ⁶dffiQmmnfflmfflmmAQffldfflstffld—ffifflmle‚

76 4309 173 4380 ρ.118
192 4309 300 4361 adn.l.

171 4397 205 4460 ⁶²)
226 4396 242 4447 l.
262 4411 284 4450 e.
303 4414 328 4466 p.
349 4397 399 4451 219
427 4397 492 4464 (56).

170 4484 205 4552 ⁶⁴)
226 4485 259 4538 el.
280 4485 408 4555 Gomperz
428 4487 445 4540 l.
460 4503 481 4540 o.
502 4503 527 4554 p.
541 4487 600 4542 313.
622 4517 654 4528 -
674 4488 805 4542 Vorsolr.²
822 4489 845 4542 ll
869 4492 891 4556 l,
911 4493 944 4546 74
964 4491 983 4544 G
1005 4494 1027 4544 l.
