<?xml version="1.0" encoding="UTF-8"?>
<!DOCTYPE html PUBLIC "-//W3C//DTD XHTML 1.0 Transitional//EN"
    "http://www.w3.org/TR/xhtml1/DTD/xhtml1-transitional.dtd">
<html xmlns="http://www.w3.org/1999/xhtml" xml:lang="en" lang="en">
 <head>
  <title>
</title>
<meta http-equiv="Content-Type" content="text/html;charset=utf-8" />
  <meta name='ocr-system' content='tesseract 3.04.00' />
  <meta name='ocr-capabilities' content='ocr_page ocr_carea ocr_par ocr_line ocrx_word'/>
</head>
<body>
  <div class='ocr_page' id='page_1' title='image "./deantiphontisso00jacogoog_0061.png"; bbox 0 0 3128 5124; ppageno 0'>
   <div class='ocr_carea' id='block_1_1' title="bbox 746 406 960 471">
    <p class='ocr_par' dir='ltr' id='par_1_1' title="bbox 746 406 960 471">
     <span class='ocr_line' id='line_1_1' title="bbox 746 406 960 471; baseline -0.009 -17"><span class='ocrx_word' id='word_1_1' title='bbox 746 406 960 471; x_wconf 72' lang='lat'><strong>..56-</strong></span> 
     </span>
    </p>
   </div>
   <div class='ocr_carea' id='block_1_2' title="bbox 240 575 1554 4597">
    <p class='ocr_par' dir='ltr' id='par_1_2' title="bbox 240 575 1470 1112">
     <span class='ocr_line' id='line_1_2' title="bbox 241 575 1470 662; baseline -0.001 -18"><span class='ocrx_word' id='word_1_2' title='bbox 241 578 333 644; x_wconf 91' lang='lat' dir='ltr'><strong>nobis</strong></span> <span class='ocrx_word' id='word_1_3' title='bbox 355 578 434 643; x_wconf 90' lang='lat' dir='ltr'><strong>bene</strong></span> <span class='ocrx_word' id='word_1_4' title='bbox 457 575 577 642; x_wconf 90' lang='lat' dir='ltr'><strong>dictum</strong></span> <span class='ocrx_word' id='word_1_5' title='bbox 600 577 735 659; x_wconf 89' lang='lat' dir='ltr'><strong>videtur,</strong></span> <span class='ocrx_word' id='word_1_6' title='bbox 757 585 864 643; x_wconf 92' lang='lat' dir='ltr'><strong>tamen</strong></span> <span class='ocrx_word' id='word_1_7' title='bbox 877 577 1003 642; x_wconf 86' lang='lat' dir='ltr'><strong>Graecis</strong></span> <span class='ocrx_word' id='word_1_8' title='bbox 1023 577 1058 643; x_wconf 94' lang='lat' dir='ltr'><strong>in</strong></span> <span class='ocrx_word' id='word_1_9' title='bbox 1080 597 1172 662; x_wconf 86' lang='lat' dir='ltr'><strong>prosa</strong></span> <span class='ocrx_word' id='word_1_10' title='bbox 1195 598 1258 643; x_wconf 93' lang='lat' dir='ltr'><strong>non</strong></span> <span class='ocrx_word' id='word_1_11' title='bbox 1274 583 1321 642; x_wconf 89' lang='lat' dir='ltr'><strong>est</strong></span> <span class='ocrx_word' id='word_1_12' title='bbox 1336 577 1470 643; x_wconf 86' lang='lat' dir='ltr'><strong>ferenda</strong></span> 
     </span>
     <span class='ocr_line' id='line_1_3' title="bbox 240 687 1468 775; baseline -0.002 -20"><span class='ocrx_word' id='word_1_13' title='bbox 240 690 425 775; x_wconf 78' lang='lat' dir='ltr'><strong>metaphora</strong></span> <span class='ocrx_word' id='word_1_14' title='bbox 463 689 511 753; x_wconf 83' lang='grc' dir='ltr'><strong>διὰ</strong></span> <span class='ocrx_word' id='word_1_15' title='bbox 543 690 577 752; x_wconf 90' lang='grc' dir='ltr'><strong>τδ</strong></span> <span class='ocrx_word' id='word_1_16' title='bbox 614 691 720 774; x_wconf 84' lang='grc' dir='ltr'><strong>οτμνδν</strong></span> <span class='ocrx_word' id='word_1_17' title='bbox 754 688 826 772; x_wconf 86' lang='grc' dir='ltr'><strong>ἄγαν</strong></span> <span class='ocrx_word' id='word_1_18' title='bbox 861 691 910 754; x_wconf 81' lang='grc' dir='ltr'><strong>καὶ</strong></span> <span class='ocrx_word' id='word_1_19' title='bbox 943 689 1077 775; x_wconf 84' lang='grc' dir='ltr'><strong>τραγικόν</strong></span> <span class='ocrx_word' id='word_1_20' title='bbox 1109 689 1222 772; x_wconf 83' lang='lat' dir='ltr'><strong>(Arist.</strong></span> <span class='ocrx_word' id='word_1_21' title='bbox 1251 689 1343 754; x_wconf 82' lang='lat' dir='ltr'><strong>Rhet.</strong></span> <span class='ocrx_word' id='word_1_22' title='bbox 1373 687 1398 754; x_wconf 91' lang='grc' dir='ltr'><strong><em>Γ</em></strong></span> <span class='ocrx_word' id='word_1_23' title='bbox 1423 690 1468 773; x_wconf 84' lang='grc'><strong>3).</strong></span> 
     </span>
     <span class='ocr_line' id='line_1_4' title="bbox 242 801 1470 889; baseline 0 -23"><span class='ocrx_word' id='word_1_24' title='bbox 242 802 304 868; x_wconf 91' lang='lat' dir='ltr'><strong>Sed</strong></span> <span class='ocrx_word' id='word_1_25' title='bbox 326 801 530 886; x_wconf 77' lang='lat' dir='ltr'><strong>Antiphontis</strong></span> <span class='ocrx_word' id='word_1_26' title='bbox 553 808 655 867; x_wconf 89' lang='lat' dir='ltr'><strong>aetate</strong></span> <span class='ocrx_word' id='word_1_27' title='bbox 682 801 762 867; x_wconf 84' lang='lat' dir='ltr'>nihil</span> <span class='ocrx_word' id='word_1_28' title='bbox 788 802 888 884; x_wconf 86' lang='lat' dir='ltr'><strong>magis</strong></span> <span class='ocrx_word' id='word_1_29' title='bbox 915 802 1104 889; x_wconf 83' lang='lat' dir='ltr'><strong>expetebant</strong></span> <span class='ocrx_word' id='word_1_30' title='bbox 1135 823 1232 886; x_wconf 91' lang='lat' dir='ltr'><strong>quam</strong></span> <span class='ocrx_word' id='word_1_31' title='bbox 1259 822 1332 866; x_wconf 91' lang='lat' dir='ltr'><strong>eum</strong></span> <span class='ocrx_word' id='word_1_32' title='bbox 1358 802 1470 886; x_wconf 90' lang='lat' dir='ltr'><strong>ipsum</strong></span> 
     </span>
     <span class='ocr_line' id='line_1_5' title="bbox 241 913 1469 999; baseline -0.002 -19"><span class='ocrx_word' id='word_1_33' title='bbox 241 935 416 980; x_wconf 89' lang='lat' dir='ltr'><strong>sermonem</strong></span> <span class='ocrx_word' id='word_1_34' title='bbox 439 914 715 997; x_wconf 88' lang='lat' dir='ltr'><strong>dithyrambicum‚</strong></span> <span class='ocrx_word' id='word_1_35' title='bbox 738 935 832 998; x_wconf 91' lang='lat' dir='ltr'><strong>quem</strong></span> <span class='ocrx_word' id='word_1_36' title='bbox 847 915 1032 980; x_wconf 86' lang='lat' dir='ltr'><strong>Aristoteles</strong></span> <span class='ocrx_word' id='word_1_37' title='bbox 1054 913 1224 999; x_wconf 89' lang='lat' dir='ltr'><strong>vituperat.</strong></span> <span class='ocrx_word' id='word_1_38' title='bbox 1257 915 1291 978; x_wconf 89' lang='grc' dir='ltr'><strong>τδ</strong></span> <span class='ocrx_word' id='word_1_39' title='bbox 1314 917 1469 997; x_wconf 84' lang='grc' dir='ltr'><strong>ντοτήσιον</strong></span> 
     </span>
     <span class='ocr_line' id='line_1_6' title="bbox 242 1024 1206 1112; baseline -0.003 -20"><span class='ocrx_word' id='word_1_40' title='bbox 242 1029 388 1112; x_wconf 79' lang='grc' dir='ltr'><strong>σκίρτημα</strong></span> <span class='ocrx_word' id='word_1_41' title='bbox 409 1027 551 1090; x_wconf 86' lang='lat' dir='ltr'><strong>imitatus</strong></span> <span class='ocrx_word' id='word_1_42' title='bbox 574 1033 621 1091; x_wconf 89' lang='lat' dir='ltr'><strong>est</strong></span> <span class='ocrx_word' id='word_1_43' title='bbox 644 1026 740 1092; x_wconf 84' lang='lat' dir='ltr'><strong>Clam.</strong></span> <span class='ocrx_word' id='word_1_44' title='bbox 765 1026 855 1092; x_wconf 82' lang='lat' dir='ltr'><strong>Alex.</strong></span> <span class='ocrx_word' id='word_1_45' title='bbox 879 1025 917 1091; x_wconf 91' lang='lat' dir='ltr'><strong>de</strong></span> <span class='ocrx_word' id='word_1_46' title='bbox 940 1026 1004 1091; x_wconf 86' lang='lat' dir='ltr'><strong>div.</strong></span> <span class='ocrx_word' id='word_1_47' title='bbox 1029 1047 1109 1091; x_wconf 90' lang='lat' dir='ltr'><strong>serv.</strong></span> <span class='ocrx_word' id='word_1_48' title='bbox 1133 1047 1160 1089; x_wconf 91' lang='lat' dir='ltr'><strong>c.</strong></span> <span class='ocrx_word' id='word_1_49' title='bbox 1176 1024 1206 1090; x_wconf 87' lang='grc'><strong>8.</strong></span> 
     </span>
    </p>

    <p class='ocr_par' dir='ltr' id='par_1_3' title="bbox 243 1138 1470 1316">
     <span class='ocr_line' id='line_1_7' title="bbox 328 1138 1470 1224; baseline -0.002 -20"><span class='ocrx_word' id='word_1_50' title='bbox 328 1139 377 1204; x_wconf 87' lang='lat' dir='ltr'><strong>Fr.</strong></span> <span class='ocrx_word' id='word_1_51' title='bbox 394 1139 436 1204; x_wconf 81' lang='lat'><strong>49</strong></span> <span class='ocrx_word' id='word_1_52' title='bbox 459 1139 552 1207; x_wconf 83' lang='grc' dir='ltr'>λύπας</span> <span class='ocrx_word' id='word_1_53' title='bbox 574 1138 697 1222; x_wconf 82' lang='grc' dir='ltr'><strong>άγτοδαι</strong></span> <span class='ocrx_word' id='word_1_54' title='bbox 722 1138 798 1204; x_wconf 93' lang='lat' dir='ltr'><strong>dicit</strong></span> <span class='ocrx_word' id='word_1_55' title='bbox 812 1138 1024 1223; x_wconf 77' lang='lat' dir='ltr'><strong>metaphorice</strong></span> <span class='ocrx_word' id='word_1_56' title='bbox 1045 1138 1216 1223; x_wconf 77' lang='lat' dir='ltr'><strong>respiciens</strong></span> <span class='ocrx_word' id='word_1_57' title='bbox 1231 1158 1359 1201; x_wconf 87' lang='lat' dir='ltr'><strong>uxorem</strong></span> <span class='ocrx_word' id='word_1_58' title='bbox 1385 1160 1470 1224; x_wconf 86' lang='lat' dir='ltr'><strong>quae</strong></span> 
     </span>
     <span class='ocr_line' id='line_1_8' title="bbox 243 1250 376 1316; baseline -0.008 -1"><span class='ocrx_word' id='word_1_59' title='bbox 243 1250 376 1316; x_wconf 79' lang='lat' dir='ltr'><strong>ducitur.</strong></span> 
     </span>
    </p>

    <p class='ocr_par' dir='ltr' id='par_1_4' title="bbox 241 1362 1469 1540">
     <span class='ocr_line' id='line_1_9' title="bbox 329 1362 1469 1448; baseline -0.002 -20"><span class='ocrx_word' id='word_1_60' title='bbox 329 1364 377 1428; x_wconf 86' lang='lat' dir='ltr'><strong>Fr.</strong></span> <span class='ocrx_word' id='word_1_61' title='bbox 394 1365 437 1428; x_wconf 87' lang='lat'><strong>60</strong></span> <span class='ocrx_word' id='word_1_62' title='bbox 460 1363 528 1426; x_wconf 84' lang='grc' dir='ltr'><strong>ὅταν</strong></span> <span class='ocrx_word' id='word_1_63' title='bbox 552 1386 593 1431; x_wconf 80' lang='grc' dir='ltr'><strong>τις</strong></span> <span class='ocrx_word' id='word_1_64' title='bbox 615 1365 668 1448; x_wconf 81' lang='grc' dir='ltr'><strong>τὴν</strong></span> <span class='ocrx_word' id='word_1_65' title='bbox 691 1364 873 1427; x_wconf 79' lang='grc' dir='ltr'>παίδευσιν</span> <span class='ocrx_word' id='word_1_66' title='bbox 897 1362 1027 1446; x_wconf 83' lang='grc' dir='ltr'><strong>γενναίαν</strong></span> <span class='ocrx_word' id='word_1_67' title='bbox 1054 1363 1221 1446; x_wconf 82' lang='grc' dir='ltr'><strong>ἐναρόση,</strong></span> <span class='ocrx_word' id='word_1_68' title='bbox 1246 1363 1282 1443; x_wconf 82' lang='grc' dir='ltr'><strong>ζῇ</strong></span> <span class='ocrx_word' id='word_1_69' title='bbox 1307 1365 1393 1426; x_wconf 82' lang='grc' dir='ltr'><strong>τοῦτο</strong></span> <span class='ocrx_word' id='word_1_70' title='bbox 1420 1365 1469 1426; x_wconf 85' lang='grc' dir='ltr'><strong>καὶ</strong></span> 
     </span>
     <span class='ocr_line' id='line_1_10' title="bbox 241 1476 430 1540; baseline 0 -1"><span class='ocrx_word' id='word_1_71' title='bbox 241 1476 346 1540; x_wconf 82' lang='grc' dir='ltr'><strong>δάλλει</strong></span> <span class='ocrx_word' id='word_1_72' title='bbox 368 1479 430 1540; x_wconf 83' lang='grc' dir='ltr'><strong>κτλ.</strong></span> 
     </span>
    </p>

    <p class='ocr_par' dir='ltr' id='par_1_5' title="bbox 243 1587 1470 1771">
     <span class='ocr_line' id='line_1_11' title="bbox 328 1587 1470 1674; baseline -0.002 -21"><span class='ocrx_word' id='word_1_73' title='bbox 328 1589 377 1653; x_wconf 91' lang='lat' dir='ltr'><strong>Fr.</strong></span> <span class='ocrx_word' id='word_1_74' title='bbox 393 1589 435 1654; x_wconf 88' lang='grc'><strong>69</strong></span> <span class='ocrx_word' id='word_1_75' title='bbox 458 1589 571 1674; x_wconf 86' lang='grc' dir='ltr'><strong>βαλβίς·</strong></span> <span class='ocrx_word' id='word_1_76' title='bbox 594 1591 614 1673; x_wconf 81' lang='grc' dir='ltr'>ἡ</span> <span class='ocrx_word' id='word_1_77' title='bbox 638 1587 727 1673; x_wconf 83' lang='grc' dir='ltr'><strong>ἀρχή,</strong></span> <span class='ocrx_word' id='word_1_78' title='bbox 752 1587 1051 1672; x_wconf 62' lang='lat' dir='ltr'><strong>concrepetis</strong></span> <span class='ocrx_word' id='word_1_79' title='bbox 1073 1587 1163 1656; x_wconf 72' lang='lat' dir='ltr'><strong>etet&lt;</strong></span> <span class='ocrx_word' id='word_1_80' title='bbox 1186 1587 1244 1651; x_wconf 83' lang='grc' dir='ltr'><strong>ἀπὸ</strong></span> <span class='ocrx_word' id='word_1_81' title='bbox 1269 1587 1470 1674; x_wconf 91' lang='grc' dir='ltr'><strong>βαλβίδων..</strong></span> 
     </span>
     <span class='ocr_line' id='line_1_12' title="bbox 243 1700 458 1771; baseline 0.009 -8"><span class='ocrx_word' id='word_1_82' title='bbox 243 1700 398 1771; x_wconf 78' lang='grc' dir='ltr'><strong>ἀποδείξω.</strong></span> <span class='ocrx_word' id='word_1_83' title='bbox 456 1742 458 1748; x_wconf 72' lang='lat'>‚</span> 
     </span>
    </p>

    <p class='ocr_par' dir='ltr' id='par_1_6' title="bbox 242 1811 1470 2011">
     <span class='ocr_line' id='line_1_13' title="bbox 328 1811 1470 1898; baseline 0 -20"><span class='ocrx_word' id='word_1_84' title='bbox 328 1814 377 1878; x_wconf 89' lang='lat' dir='ltr'><strong>Fr.</strong></span> <span class='ocrx_word' id='word_1_85' title='bbox 395 1815 437 1879; x_wconf 75' lang='lat'><strong>70</strong></span> <span class='ocrx_word' id='word_1_86' title='bbox 458 1813 587 1898; x_wconf 79' lang='grc' dir='ltr'><strong>εὐήνιος·</strong></span> <span class='ocrx_word' id='word_1_87' title='bbox 611 1814 630 1895; x_wconf 83' lang='grc' dir='ltr'>ἡ</span> <span class='ocrx_word' id='word_1_88' title='bbox 659 1812 811 1896; x_wconf 75' lang='grc' dir='ltr'><strong>μεταφορὰ</strong></span> <span class='ocrx_word' id='word_1_89' title='bbox 840 1811 898 1875; x_wconf 82' lang='grc' dir='ltr'><strong>ἀπὸ</strong></span> <span class='ocrx_word' id='word_1_90' title='bbox 925 1816 984 1874; x_wconf 92' lang='grc' dir='ltr'><strong>τῶν</strong></span> <span class='ocrx_word' id='word_1_91' title='bbox 1012 1812 1119 1876; x_wconf 79' lang='grc' dir='ltr'><strong>ἵππων.</strong></span> <span class='ocrx_word' id='word_1_92' title='bbox 1169 1812 1285 1878; x_wconf 87' lang='lat' dir='ltr'><strong>Eodem</strong></span> <span class='ocrx_word' id='word_1_93' title='bbox 1312 1812 1470 1878; x_wconf 86' lang='lat' dir='ltr'><strong>vocabulo</strong></span> 
     </span>
     <span class='ocr_line' id='line_1_14' title="bbox 242 1922 983 2011; baseline -0.004 -20"><span class='ocrx_word' id='word_1_94' title='bbox 242 1926 454 2011; x_wconf 82' lang='lat' dir='ltr'><strong>metaphorice</strong></span> <span class='ocrx_word' id='word_1_95' title='bbox 477 1927 577 1991; x_wconf 88' lang='lat' dir='ltr'><strong>utitur</strong></span> <span class='ocrx_word' id='word_1_96' title='bbox 599 1925 645 1990; x_wconf 94' lang='lat' dir='ltr'><strong>Pl.</strong></span> <span class='ocrx_word' id='word_1_97' title='bbox 669 1926 740 2008; x_wconf 90' lang='lat' dir='ltr'><strong>Leg.</strong></span> <span class='ocrx_word' id='word_1_98' title='bbox 765 1924 862 2004; x_wconf 76' lang='lat' dir='ltr'><strong>teob,</strong></span> <span class='ocrx_word' id='word_1_99' title='bbox 885 1922 983 1988; x_wconf 77' lang='lat' dir='ltr'><strong>seua.</strong></span> 
     </span>
    </p>

    <p class='ocr_par' dir='ltr' id='par_1_7' title="bbox 243 2034 1471 2234">
     <span class='ocr_line' id='line_1_15' title="bbox 329 2034 1471 2122; baseline -0.004 -19"><span class='ocrx_word' id='word_1_100' title='bbox 329 2039 410 2102; x_wconf 86' lang='lat' dir='ltr'><strong>Tum</strong></span> <span class='ocrx_word' id='word_1_101' title='bbox 434 2039 704 2122; x_wconf 88' lang='lat' dir='ltr'><strong>metonymiam</strong></span> <span class='ocrx_word' id='word_1_102' title='bbox 732 2037 874 2101; x_wconf 86' lang='lat' dir='ltr'><strong>adhibet:</strong></span> <span class='ocrx_word' id='word_1_103' title='bbox 927 2034 1034 2121; x_wconf 85' lang='grc' dir='ltr'><strong>Ἀληδ.</strong></span> <span class='ocrx_word' id='word_1_104' title='bbox 1058 2037 1096 2101; x_wconf 88' lang='lat' dir='ltr'><strong>fr.</strong></span> <span class='ocrx_word' id='word_1_105' title='bbox 1121 2036 1159 2099; x_wconf 76' lang='lat'><strong>17</strong></span> <span class='ocrx_word' id='word_1_106' title='bbox 1181 2035 1374 2121; x_wconf 83' lang='grc' dir='ltr'><strong>Ἀφροδίτης·</strong></span> <span class='ocrx_word' id='word_1_107' title='bbox 1405 2037 1471 2100; x_wconf 83' lang='grc' dir='ltr'><strong>ἀντὶ</strong></span> 
     </span>
     <span class='ocr_line' id='line_1_16' title="bbox 243 2151 511 2234; baseline 0.004 -21"><span class='ocrx_word' id='word_1_108' title='bbox 243 2153 301 2213; x_wconf 93' lang='grc' dir='ltr'><strong>τῶν</strong></span> <span class='ocrx_word' id='word_1_109' title='bbox 325 2151 511 2234; x_wconf 84' lang='grc' dir='ltr'><strong>ἀφροδισίων.</strong></span> 
     </span>
    </p>

    <p class='ocr_par' dir='ltr' id='par_1_8' title="bbox 242 2260 1469 2568">
     <span class='ocr_line' id='line_1_17' title="bbox 329 2260 1469 2346; baseline 0 -20"><span class='ocrx_word' id='word_1_110' title='bbox 329 2261 515 2327; x_wconf 89' lang='lat' dir='ltr'><strong>Omittcre</strong></span> <span class='ocrx_word' id='word_1_111' title='bbox 554 2262 634 2326; x_wconf 90' lang='lat' dir='ltr'><strong>solet</strong></span> <span class='ocrx_word' id='word_1_112' title='bbox 656 2264 730 2327; x_wconf 81' lang='lat' dir='ltr'><strong>Ant.</strong></span> <span class='ocrx_word' id='word_1_113' title='bbox 766 2261 920 2346; x_wconf 87' lang='lat' dir='ltr'><strong>copulas</strong></span> <span class='ocrx_word' id='word_1_114' title='bbox 947 2260 1023 2324; x_wconf 80' lang='grc' dir='ltr'><strong>ἐστίν</strong></span> <span class='ocrx_word' id='word_1_115' title='bbox 1056 2269 1087 2325; x_wconf 92' lang='lat' dir='ltr'><strong>et</strong></span> <span class='ocrx_word' id='word_1_116' title='bbox 1112 2261 1193 2340; x_wconf 84' lang='grc' dir='ltr'><strong>εἰσίν,</strong></span> <span class='ocrx_word' id='word_1_117' title='bbox 1222 2282 1284 2344; x_wconf 89' lang='lat' dir='ltr'><strong>qua</strong></span> <span class='ocrx_word' id='word_1_118' title='bbox 1309 2283 1342 2326; x_wconf 90' lang='lat' dir='ltr'><strong>re</strong></span> <span class='ocrx_word' id='word_1_119' title='bbox 1366 2263 1469 2327; x_wconf 89' lang='lat' dir='ltr'><strong>oratic</strong></span> 
     </span>
     <span class='ocr_line' id='line_1_18' title="bbox 242 2373 1469 2460; baseline 0.001 -22"><span class='ocrx_word' id='word_1_120' title='bbox 242 2373 408 2439; x_wconf 82' lang='lat' dir='ltr'><strong>sublimior</strong></span> <span class='ocrx_word' id='word_1_121' title='bbox 440 2375 486 2455; x_wconf 88' lang='lat' dir='ltr'><strong>fit,</strong></span> <span class='ocrx_word' id='word_1_122' title='bbox 520 2374 576 2439; x_wconf 91' lang='lat' dir='ltr'><strong>sed</strong></span> <span class='ocrx_word' id='word_1_123' title='bbox 609 2375 704 2439; x_wconf 87' lang='lat' dir='ltr'><strong>etiam</strong></span> <span class='ocrx_word' id='word_1_124' title='bbox 732 2374 878 2460; x_wconf 78' lang='lat' dir='ltr'><strong>asperior,</strong></span> <span class='ocrx_word' id='word_1_125' title='bbox 908 2373 945 2437; x_wconf 83' lang='lat' dir='ltr'><strong>of.</strong></span> <span class='ocrx_word' id='word_1_126' title='bbox 975 2375 1010 2437; x_wconf 86' lang='lat' dir='ltr'><strong>lr.</strong></span> <span class='ocrx_word' id='word_1_127' title='bbox 1034 2373 1086 2437; x_wconf 83' lang='lat'><strong>49.</strong></span> <span class='ocrx_word' id='word_1_128' title='bbox 1111 2375 1162 2437; x_wconf 80' lang='lat'><strong>51.</strong></span> <span class='ocrx_word' id='word_1_129' title='bbox 1187 2375 1237 2438; x_wconf 80' lang='lat'><strong>55.</strong></span> <span class='ocrx_word' id='word_1_130' title='bbox 1261 2373 1313 2436; x_wconf 75' lang='lat'><strong>57.</strong></span> <span class='ocrx_word' id='word_1_131' title='bbox 1337 2374 1389 2439; x_wconf 90' lang='grc'><strong>61.</strong></span> <span class='ocrx_word' id='word_1_132' title='bbox 1414 2375 1469 2439; x_wconf 89' lang='grc'><strong>64.</strong></span> 
     </span>
     <span class='ocr_line' id='line_1_19' title="bbox 242 2485 1342 2568; baseline -0.001 -19"><span class='ocrx_word' id='word_1_133' title='bbox 242 2485 310 2549; x_wconf 90' lang='grc' dir='ltr'><strong>Ηοο</strong></span> <span class='ocrx_word' id='word_1_134' title='bbox 333 2486 467 2568; x_wconf 90' lang='lat' dir='ltr'><strong>gnomici</strong></span> <span class='ocrx_word' id='word_1_135' title='bbox 489 2487 650 2566; x_wconf 86' lang='lat' dir='ltr'><strong>sermonis,</strong></span> <span class='ocrx_word' id='word_1_136' title='bbox 676 2487 714 2550; x_wconf 84' lang='lat' dir='ltr'><strong>cf.</strong></span> <span class='ocrx_word' id='word_1_137' title='bbox 737 2485 889 2550; x_wconf 89' lang='lat' dir='ltr'><strong>Heracliti</strong></span> <span class='ocrx_word' id='word_1_138' title='bbox 913 2494 945 2550; x_wconf 93' lang='lat' dir='ltr'><strong>et</strong></span> <span class='ocrx_word' id='word_1_139' title='bbox 966 2485 1137 2549; x_wconf 87' lang='lat' dir='ltr'><strong>Democriti</strong></span> <span class='ocrx_word' id='word_1_140' title='bbox 1160 2486 1342 2549; x_wconf 88' lang='lat' dir='ltr'><strong>sententias.</strong></span> 
     </span>
    </p>

    <p class='ocr_par' dir='ltr' id='par_1_9' title="bbox 243 2597 1554 2888">
     <span class='ocr_line' id='line_1_20' title="bbox 329 2597 1469 2682; baseline 0.001 -21"><span class='ocrx_word' id='word_1_141' title='bbox 329 2597 473 2663; x_wconf 92' lang='lat' dir='ltr'><strong>Plurali</strong></span> <span class='ocrx_word' id='word_1_142' title='bbox 499 2620 627 2664; x_wconf 88' lang='lat' dir='ltr'><strong>numero</strong></span> <span class='ocrx_word' id='word_1_143' title='bbox 663 2600 737 2662; x_wconf 89' lang='lat' dir='ltr'><strong>Ant.</strong></span> <span class='ocrx_word' id='word_1_144' title='bbox 771 2608 937 2682; x_wconf 88' lang='lat' dir='ltr'><strong>poetarum</strong></span> <span class='ocrx_word' id='word_1_145' title='bbox 970 2618 1055 2661; x_wconf 91' lang='lat' dir='ltr'><strong>more</strong></span> <span class='ocrx_word' id='word_1_146' title='bbox 1089 2617 1144 2681; x_wconf 90' lang='lat' dir='ltr'><strong>pro</strong></span> <span class='ocrx_word' id='word_1_147' title='bbox 1176 2597 1325 2679; x_wconf 83' lang='lat' dir='ltr'><strong>singulari</strong></span> <span class='ocrx_word' id='word_1_148' title='bbox 1354 2597 1469 2662; x_wconf 86' lang='lat' dir='ltr'><strong>utitur.</strong></span> 
     </span>
     <span class='ocr_line' id='line_1_21' title="bbox 243 2710 1470 2794; baseline 0.002 -20"><span class='ocrx_word' id='word_1_149' title='bbox 243 2710 393 2794; x_wconf 83' lang='lat' dir='ltr'><strong>Exempla</strong></span> <span class='ocrx_word' id='word_1_150' title='bbox 415 2713 544 2776; x_wconf 84' lang='lat' dir='ltr'><strong>afferam</strong></span> <span class='ocrx_word' id='word_1_151' title='bbox 567 2731 605 2776; x_wconf 84' lang='lat' dir='ltr'><strong>ex</strong></span> <span class='ocrx_word' id='word_1_152' title='bbox 626 2712 663 2775; x_wconf 91' lang='lat' dir='ltr'><strong>fr.</strong></span> <span class='ocrx_word' id='word_1_153' title='bbox 681 2711 732 2791; x_wconf 80' lang='lat'><strong>49,</strong></span> <span class='ocrx_word' id='word_1_154' title='bbox 757 2710 840 2793; x_wconf 91' lang='lat' dir='ltr'><strong>quod</strong></span> <span class='ocrx_word' id='word_1_155' title='bbox 862 2711 1095 2792; x_wconf 87' lang='lat' dir='ltr'><strong>magnificentia</strong></span> <span class='ocrx_word' id='word_1_156' title='bbox 1117 2710 1284 2774; x_wconf 89' lang='lat' dir='ltr'><strong>verborum</strong></span> <span class='ocrx_word' id='word_1_157' title='bbox 1299 2715 1330 2773; x_wconf 92' lang='lat' dir='ltr'><strong>et</strong></span> <span class='ocrx_word' id='word_1_158' title='bbox 1345 2711 1470 2794; x_wconf 90' lang='lat' dir='ltr'><strong>poetico</strong></span> 
     </span>
     <span class='ocr_line' id='line_1_22' title="bbox 243 2799 1554 2888; baseline 0 -1"><span class='ocrx_word' id='word_1_159' title='bbox 243 2824 344 2888; x_wconf 91' lang='lat' dir='ltr'><strong>colore</strong></span> <span class='ocrx_word' id='word_1_160' title='bbox 368 2825 478 2888; x_wconf 90' lang='lat' dir='ltr'><strong>ceteris</strong></span> <span class='ocrx_word' id='word_1_161' title='bbox 500 2823 673 2888; x_wconf 87' lang='lat' dir='ltr'><strong>antecellit:</strong></span> <span class='ocrx_word' id='word_1_162' title='bbox 1553 2799 1554 2816; x_wconf 20' lang='grc' dir='ltr'><strong>ί</strong></span> 
     </span>
    </p>

    <p class='ocr_par' dir='ltr' id='par_1_10' title="bbox 244 2909 1554 3472">
     <span class='ocr_line' id='line_1_23' title="bbox 332 2909 1554 3023; baseline -0.001 -24"><span class='ocrx_word' id='word_1_163' title='bbox 332 2937 420 3019; x_wconf 92' lang='grc' dir='ltr'><strong>γάμοι</strong></span> <span class='ocrx_word' id='word_1_164' title='bbox 442 2937 583 3023; x_wconf 78' lang='lat' dir='ltr'><strong>nuptiae,</strong></span> <span class='ocrx_word' id='word_1_165' title='bbox 606 2936 737 3021; x_wconf 87' lang='lat' dir='ltr'><strong>pluralis</strong></span> <span class='ocrx_word' id='word_1_166' title='bbox 760 2936 898 3020; x_wconf 86' lang='lat' dir='ltr'><strong>poeticus</strong></span> <span class='ocrx_word' id='word_1_167' title='bbox 921 2957 989 2999; x_wconf 86' lang='lat' dir='ltr'><strong>raro</strong></span> <span class='ocrx_word' id='word_1_168' title='bbox 1005 2934 1119 3018; x_wconf 90' lang='lat' dir='ltr'><strong>legitur</strong></span> <span class='ocrx_word' id='word_1_169' title='bbox 1135 2955 1184 3019; x_wconf 88' lang='lat' dir='ltr'><strong>ap.</strong></span> <span class='ocrx_word' id='word_1_170' title='bbox 1200 2933 1364 2998; x_wconf 87' lang='lat' dir='ltr'><strong>Platonem</strong></span> <span class='ocrx_word' id='word_1_171' title='bbox 1380 2933 1470 3018; x_wconf 88' lang='lat' dir='ltr'><strong>(Lag.</strong></span> <span class='ocrx_word' id='word_1_172' title='bbox 1553 2909 1554 2952; x_wconf 57' lang='lat' dir='ltr'><strong>l</strong></span> 
     </span>
     <span class='ocr_line' id='line_1_24' title="bbox 244 3023 1554 3134; baseline -0.001 -21"><span class='ocrx_word' id='word_1_173' title='bbox 244 3049 344 3114; x_wconf 70' lang='lat' dir='ltr'><strong>redd.</strong></span> <span class='ocrx_word' id='word_1_174' title='bbox 368 3050 442 3134; x_wconf 84' lang='lat' dir='ltr'><strong>Rep.</strong></span> <span class='ocrx_word' id='word_1_175' title='bbox 467 3038 589 3133; x_wconf 62' lang='lat'><strong>3832).</strong></span> <span class='ocrx_word' id='word_1_176' title='bbox 627 3049 785 3132; x_wconf 86' lang='lat' dir='ltr'><strong>Singulari</strong></span> <span class='ocrx_word' id='word_1_177' title='bbox 811 3056 936 3112; x_wconf 87' lang='lat' dir='ltr'><strong>tantum</strong></span> <span class='ocrx_word' id='word_1_178' title='bbox 971 3069 1033 3112; x_wconf 90' lang='lat' dir='ltr'><strong>uno</strong></span> <span class='ocrx_word' id='word_1_179' title='bbox 1067 3046 1134 3112; x_wconf 92' lang='lat' dir='ltr'><strong>loco</strong></span> <span class='ocrx_word' id='word_1_180' title='bbox 1169 3054 1297 3130; x_wconf 83' lang='lat' dir='ltr'><strong>excepto</strong></span> <span class='ocrx_word' id='word_1_181' title='bbox 1324 3045 1363 3128; x_wconf 87' lang='grc' dir='ltr'><strong>(Σ</strong></span> <span class='ocrx_word' id='word_1_182' title='bbox 1386 3047 1471 3130; x_wconf 85' lang='grc'>491)</span> <span class='ocrx_word' id='word_1_183' title='bbox 1553 3023 1554 3040; x_wconf 33' lang='lat'>¹</span> 
     </span>
     <span class='ocr_line' id='line_1_25' title="bbox 244 3159 1471 3247; baseline -0.002 -22"><span class='ocrx_word' id='word_1_184' title='bbox 244 3162 414 3226; x_wconf 90' lang='lat' dir='ltr'><strong>Homerum</strong></span> <span class='ocrx_word' id='word_1_185' title='bbox 443 3163 490 3226; x_wconf 90' lang='lat' dir='ltr'><strong>uti</strong></span> <span class='ocrx_word' id='word_1_186' title='bbox 518 3169 550 3226; x_wconf 91' lang='lat' dir='ltr'><strong>et</strong></span> <span class='ocrx_word' id='word_1_187' title='bbox 569 3161 754 3242; x_wconf 81' lang='lat' dir='ltr'><strong>Hesiodum,</strong></span> <span class='ocrx_word' id='word_1_188' title='bbox 779 3162 904 3247; x_wconf 89' lang='lat' dir='ltr'><strong>saepius</strong></span> <span class='ocrx_word' id='word_1_189' title='bbox 931 3161 1012 3245; x_wconf 91' lang='lat' dir='ltr'><strong>plur.</strong></span> <span class='ocrx_word' id='word_1_190' title='bbox 1041 3181 1135 3244; x_wconf 84' lang='lat' dir='ltr'><strong>quam</strong></span> <span class='ocrx_word' id='word_1_191' title='bbox 1162 3159 1274 3243; x_wconf 91' lang='lat' dir='ltr'><strong>singul.</strong></span> <span class='ocrx_word' id='word_1_192' title='bbox 1299 3159 1413 3223; x_wconf 86' lang='lat' dir='ltr'><strong>Aesch.</strong></span> <span class='ocrx_word' id='word_1_193' title='bbox 1438 3170 1471 3223; x_wconf 87' lang='lat' dir='ltr'><strong>ct</strong></span> 
     </span>
     <span class='ocr_line' id='line_1_26' title="bbox 244 3257 1554 3359; baseline 0 -23"><span class='ocrx_word' id='word_1_194' title='bbox 244 3274 345 3354; x_wconf 85' lang='lat' dir='ltr'><strong>Pind,</strong></span> <span class='ocrx_word' id='word_1_195' title='bbox 380 3275 534 3359; x_wconf 87' lang='lat' dir='ltr'><strong>pluralem</strong></span> <span class='ocrx_word' id='word_1_196' title='bbox 567 3274 717 3358; x_wconf 85' lang='lat' dir='ltr'><strong>singulari</strong></span> <span class='ocrx_word' id='word_1_197' title='bbox 751 3274 842 3356; x_wconf 91' lang='lat' dir='ltr'><strong>longe</strong></span> <span class='ocrx_word' id='word_1_198' title='bbox 876 3274 1032 3359; x_wconf 84' lang='lat' dir='ltr'><strong>praeferre</strong></span> <span class='ocrx_word' id='word_1_199' title='bbox 1067 3272 1161 3357; x_wconf 91' lang='lat' dir='ltr'><strong>Soph.</strong></span> <span class='ocrx_word' id='word_1_200' title='bbox 1197 3280 1229 3336; x_wconf 92' lang='lat' dir='ltr'><strong>et</strong></span> <span class='ocrx_word' id='word_1_201' title='bbox 1265 3271 1337 3336; x_wconf 84' lang='lat' dir='ltr'><strong>Eur.</strong></span> <span class='ocrx_word' id='word_1_202' title='bbox 1377 3270 1470 3336; x_wconf 87' lang='lat' dir='ltr'><strong>docet</strong></span> <span class='ocrx_word' id='word_1_203' title='bbox 1553 3257 1554 3272; x_wconf 15' lang='grc' dir='ltr'>ἶ</span> 
     </span>
     <span class='ocr_line' id='line_1_27' title="bbox 244 3385 1087 3472; baseline -0.001 -22"><span class='ocrx_word' id='word_1_204' title='bbox 244 3387 283 3450; x_wconf 88' lang='grc' dir='ltr'><strong>Κ.</strong></span> <span class='ocrx_word' id='word_1_205' title='bbox 310 3387 455 3469; x_wconf 89' lang='lat' dir='ltr'><strong>Witteus,</strong></span> <span class='ocrx_word' id='word_1_206' title='bbox 480 3387 626 3471; x_wconf 88' lang='lat' dir='ltr'><strong>Singular</strong></span> <span class='ocrx_word' id='word_1_207' title='bbox 648 3386 714 3451; x_wconf 92' lang='lat' dir='ltr'><strong>und</strong></span> <span class='ocrx_word' id='word_1_208' title='bbox 736 3387 851 3451; x_wconf 91' lang='lat' dir='ltr'><strong>Plural.</strong></span> <span class='ocrx_word' id='word_1_209' title='bbox 896 3387 969 3472; x_wconf 83' lang='lat' dir='ltr'><strong>Lpz.</strong></span> <span class='ocrx_word' id='word_1_210' title='bbox 994 3385 1087 3450; x_wconf 84' lang='lat'><strong>1907.</strong></span> 
     </span>
    </p>

    <p class='ocr_par' dir='ltr' id='par_1_11' title="bbox 243 3487 1554 4036">
     <span class='ocr_line' id='line_1_28' title="bbox 333 3487 1554 3582; baseline -0.001 -21"><span class='ocrx_word' id='word_1_211' title='bbox 333 3501 466 3582; x_wconf 82' lang='grc' dir='ltr'><strong>μεγάλων</strong></span> <span class='ocrx_word' id='word_1_212' title='bbox 490 3501 587 3570; x_wconf 82' lang='grc' dir='ltr'><strong>πόνων</strong></span> <span class='ocrx_word' id='word_1_213' title='bbox 611 3500 659 3564; x_wconf 86' lang='grc' dir='ltr'><strong>καὶ</strong></span> <span class='ocrx_word' id='word_1_214' title='bbox 684 3501 844 3582; x_wconf 86' lang='grc' dir='ltr'><strong>ἱδρώτων</strong></span> <span class='ocrx_word' id='word_1_215' title='bbox 868 3499 1069 3581; x_wconf 74' lang='grc' dir='ltr'><strong>εἰςάνάγκας,</strong></span> <span class='ocrx_word' id='word_1_216' title='bbox 1093 3497 1172 3582; x_wconf 90' lang='lat' dir='ltr'><strong>plur.</strong></span> <span class='ocrx_word' id='word_1_217' title='bbox 1189 3498 1310 3580; x_wconf 80' lang='grc' dir='ltr'><strong>ἱδρῶτες</strong></span> <span class='ocrx_word' id='word_1_218' title='bbox 1332 3495 1471 3578; x_wconf 71' lang='lat' dir='ltr'><strong>(Srrdma</strong></span> <span class='ocrx_word' id='word_1_219' title='bbox 1553 3487 1554 3570; x_wconf 79' lang='lat' dir='ltr'><strong>l</strong></span> 
     </span>
     <span class='ocr_line' id='line_1_29' title="bbox 243 3603 1554 3698; baseline -0.002 -23"><span class='ocrx_word' id='word_1_220' title='bbox 243 3633 302 3675; x_wconf 72' lang='grc' dir='ltr'><strong>ιω</strong></span> <span class='ocrx_word' id='word_1_221' title='bbox 323 3610 475 3696; x_wconf 62' lang='lat' dir='ltr'><strong>saisost)</strong></span> <span class='ocrx_word' id='word_1_222' title='bbox 500 3613 534 3676; x_wconf 90' lang='lat' dir='ltr'><strong>in</strong></span> <span class='ocrx_word' id='word_1_223' title='bbox 557 3634 649 3697; x_wconf 70' lang='lat' dir='ltr'><strong>prosa</strong></span> <span class='ocrx_word' id='word_1_224' title='bbox 670 3613 850 3692; x_wconf 71' lang='lat' dir='ltr'><strong>inusitatus,</strong></span> <span class='ocrx_word' id='word_1_225' title='bbox 873 3612 911 3676; x_wconf 72' lang='lat' dir='ltr'><strong>of.</strong></span> <span class='ocrx_word' id='word_1_226' title='bbox 934 3611 1014 3675; x_wconf 71' lang='lat' dir='ltr'><strong>rien.</strong></span> <span class='ocrx_word' id='word_1_227' title='bbox 1039 3611 1109 3693; x_wconf 72' lang='lat' dir='ltr'><strong>cyr.</strong></span> <span class='ocrx_word' id='word_1_228' title='bbox 1133 3608 1211 3673; x_wconf 87' lang='lat' dir='ltr'><strong>vrrr</strong></span> <span class='ocrx_word' id='word_1_229' title='bbox 1226 3608 1278 3689; x_wconf 77' lang='lat' dir='ltr'><strong>ss</strong></span> <span class='ocrx_word' id='word_1_230' title='bbox 1305 3607 1354 3671; x_wconf 81' lang='lat' dir='ltr'><strong>oa</strong></span> <span class='ocrx_word' id='word_1_231' title='bbox 1369 3610 1469 3672; x_wconf 64' lang='grc' dir='ltr'><strong>ποιων</strong></span> <span class='ocrx_word' id='word_1_232' title='bbox 1553 3603 1554 3698; x_wconf 66' lang='grc' dir='ltr'>ξ</span> 
     </span>
     <span class='ocr_line' id='line_1_30' title="bbox 243 3721 1554 3808; baseline -0.005 -18"><span class='ocrx_word' id='word_1_233' title='bbox 243 3728 292 3790; x_wconf 81' lang='grc' dir='ltr'><strong>καὶ</strong></span> <span class='ocrx_word' id='word_1_234' title='bbox 316 3726 448 3808; x_wconf 86' lang='grc' dir='ltr'><strong>ἱδρῶτος,</strong></span> <span class='ocrx_word' id='word_1_235' title='bbox 482 3724 537 3788; x_wconf 88' lang='lat' dir='ltr'><strong>sed</strong></span> <span class='ocrx_word' id='word_1_236' title='bbox 571 3725 691 3808; x_wconf 89' lang='lat' dir='ltr'><strong>poetice</strong></span> <span class='ocrx_word' id='word_1_237' title='bbox 726 3725 770 3789; x_wconf 88' lang='lat' dir='ltr'><strong>Pl.</strong></span> <span class='ocrx_word' id='word_1_238' title='bbox 795 3723 926 3789; x_wconf 84' lang='lat' dir='ltr'><strong>Phaedr.</strong></span> <span class='ocrx_word' id='word_1_239' title='bbox 950 3721 1155 3788; x_wconf 66' lang='lat' dir='ltr'><strong>tetartaeo</strong></span> <span class='ocrx_word' id='word_1_240' title='bbox 1179 3722 1231 3800; x_wconf 85' lang='grc' dir='ltr'><strong>μὲν</strong></span> <span class='ocrx_word' id='word_1_241' title='bbox 1255 3721 1395 3803; x_wconf 81' lang='grc' dir='ltr'><strong>ἀνδρείων</strong></span> <span class='ocrx_word' id='word_1_242' title='bbox 1420 3724 1470 3785; x_wconf 83' lang='grc' dir='ltr'><strong>καὶ</strong></span> <span class='ocrx_word' id='word_1_243' title='bbox 1553 3761 1554 3784; x_wconf 66' lang='grc' dir='ltr'><strong>ι</strong></span> 
     </span>
     <span class='ocr_line' id='line_1_31' title="bbox 245 3833 1470 3922; baseline -0.003 -22"><span class='ocrx_word' id='word_1_244' title='bbox 245 3839 403 3922; x_wconf 84' lang='grc' dir='ltr'><strong>ἱδρώτων</strong></span> <span class='ocrx_word' id='word_1_245' title='bbox 433 3836 528 3920; x_wconf 78' lang='grc' dir='ltr'><strong>ξηρῶν</strong></span> <span class='ocrx_word' id='word_1_246' title='bbox 550 3837 679 3921; x_wconf 84' lang='grc' dir='ltr'><strong>ἄπειρον,</strong></span> <span class='ocrx_word' id='word_1_247' title='bbox 704 3837 759 3901; x_wconf 88' lang='lat' dir='ltr'><strong>ubi</strong></span> <span class='ocrx_word' id='word_1_248' title='bbox 792 3837 933 3901; x_wconf 84' lang='lat' dir='ltr'><strong>Socrates</strong></span> <span class='ocrx_word' id='word_1_249' title='bbox 968 3834 1101 3919; x_wconf 80' lang='lat' dir='ltr'><strong>(238d):</strong></span> <span class='ocrx_word' id='word_1_250' title='bbox 1136 3833 1172 3897; x_wconf 85' lang='lat' dir='ltr'><strong>rol</strong></span> <span class='ocrx_word' id='word_1_251' title='bbox 1202 3837 1252 3896; x_wconf 80' lang='grc' dir='ltr'><strong>νῦν</strong></span> <span class='ocrx_word' id='word_1_252' title='bbox 1283 3835 1338 3917; x_wconf 86' lang='grc' dir='ltr'><strong>γὰρ</strong></span> <span class='ocrx_word' id='word_1_253' title='bbox 1368 3833 1470 3897; x_wconf 80' lang='grc' dir='ltr'><strong>οὐκέτι</strong></span> 
     </span>
     <span class='ocr_line' id='line_1_32' title="bbox 244 3949 1554 4036; baseline -0.002 -23"><span class='ocrx_word' id='word_1_254' title='bbox 244 3950 345 4036; x_wconf 84' lang='grc' dir='ltr'><strong>πόρρω</strong></span> <span class='ocrx_word' id='word_1_255' title='bbox 368 3951 557 4034; x_wconf 78' lang='grc' dir='ltr'><strong>διθυράμβων</strong></span> <span class='ocrx_word' id='word_1_256' title='bbox 580 3949 754 4034; x_wconf 79' lang='grc' dir='ltr'><strong>φθέγγομαι.</strong></span> <span class='ocrx_word' id='word_1_257' title='bbox 1553 3985 1554 4028; x_wconf 63' lang='grc' dir='ltr'><strong>γ</strong></span> 
     </span>
    </p>

    <p class='ocr_par' dir='ltr' id='par_1_12' title="bbox 245 4057 1554 4597">
     <span class='ocr_line' id='line_1_33' title="bbox 331 4057 1554 4148; baseline -0.004 -22"><span class='ocrx_word' id='word_1_258' title='bbox 331 4061 488 4148; x_wconf 84' lang='grc' dir='ltr'><strong>φιλότητος</strong></span> <span class='ocrx_word' id='word_1_259' title='bbox 521 4061 797 4145; x_wconf 68' lang='lat' dir='ltr'><strong>(Idebesfrendeo),</strong></span> <span class='ocrx_word' id='word_1_260' title='bbox 831 4061 945 4147; x_wconf 90' lang='lat' dir='ltr'><strong>plurali</strong></span> <span class='ocrx_word' id='word_1_261' title='bbox 986 4060 1079 4125; x_wconf 92' lang='lat' dir='ltr'><strong>huius</strong></span> <span class='ocrx_word' id='word_1_262' title='bbox 1125 4059 1269 4124; x_wconf 89' lang='lat' dir='ltr'><strong>vocabuli</strong></span> <span class='ocrx_word' id='word_1_263' title='bbox 1313 4057 1470 4122; x_wconf 86' lang='lat' dir='ltr'><strong>Pindarus</strong></span> <span class='ocrx_word' id='word_1_264' title='bbox 1553 4057 1554 4066; x_wconf 74' lang='grc'>’</span> 
     </span>
     <span class='ocr_line' id='line_1_34' title="bbox 245 4157 1554 4259; baseline -0.007 -18"><span class='ocrx_word' id='word_1_265' title='bbox 245 4177 346 4242; x_wconf 86' lang='lat' dir='ltr'><strong>utitur</strong></span> <span class='ocrx_word' id='word_1_266' title='bbox 367 4176 458 4259; x_wconf 89' lang='lat' dir='ltr'><strong>Pyth.</strong></span> <span class='ocrx_word' id='word_1_267' title='bbox 481 4175 526 4238; x_wconf 89' lang='lat' dir='ltr'><strong>IX</strong></span> <span class='ocrx_word' id='word_1_268' title='bbox 542 4175 594 4255; x_wconf 82' lang='lat'><strong>40,</strong></span> <span class='ocrx_word' id='word_1_269' title='bbox 617 4175 707 4238; x_wconf 92' lang='lat' dir='ltr'><strong>Nem.</strong></span> <span class='ocrx_word' id='word_1_270' title='bbox 731 4175 807 4238; x_wconf 85' lang='lat' dir='ltr'>VIII</span> <span class='ocrx_word' id='word_1_271' title='bbox 824 4176 853 4238; x_wconf 93' lang='lat'><strong>1.</strong></span> <span class='ocrx_word' id='word_1_272' title='bbox 908 4173 1066 4237; x_wconf 90' lang='lat' dir='ltr'><strong>Nimirum</strong></span> <span class='ocrx_word' id='word_1_273' title='bbox 1093 4173 1168 4236; x_wconf 81' lang='lat' dir='ltr'><strong>Ant.</strong></span> <span class='ocrx_word' id='word_1_274' title='bbox 1192 4171 1328 4256; x_wconf 90' lang='lat' dir='ltr'><strong>pluralia</strong></span> <span class='ocrx_word' id='word_1_275' title='bbox 1350 4169 1470 4254; x_wconf 85' lang='grc' dir='ltr'><strong>φιλίτη-</strong></span> <span class='ocrx_word' id='word_1_276' title='bbox 1553 4157 1554 4166; x_wconf 36' lang='grc'><strong>“</strong></span> 
     </span>
     <span class='ocr_line' id='line_1_35' title="bbox 245 4282 1554 4372; baseline -0.004 -22"><span class='ocrx_word' id='word_1_277' title='bbox 245 4311 305 4367; x_wconf 88' lang='grc' dir='ltr'><strong>τας,</strong></span> <span class='ocrx_word' id='word_1_278' title='bbox 340 4289 472 4372; x_wconf 83' lang='grc' dir='ltr'><strong>ἱδρώτων</strong></span> <span class='ocrx_word' id='word_1_279' title='bbox 500 4285 636 4368; x_wconf 85' lang='lat' dir='ltr'><strong>adhibet,</strong></span> <span class='ocrx_word' id='word_1_280' title='bbox 664 4296 700 4350; x_wconf 90' lang='lat' dir='ltr'><strong>ut</strong></span> <span class='ocrx_word' id='word_1_281' title='bbox 726 4307 775 4350; x_wconf 87' lang='lat' dir='ltr'><strong>res</strong></span> <span class='ocrx_word' id='word_1_282' title='bbox 803 4287 931 4351; x_wconf 85' lang='lat' dir='ltr'><strong>maioris</strong></span> <span class='ocrx_word' id='word_1_283' title='bbox 959 4284 1108 4349; x_wconf 87' lang='lat' dir='ltr'><strong>momenti</strong></span> <span class='ocrx_word' id='word_1_284' title='bbox 1142 4303 1209 4347; x_wconf 92' lang='lat' dir='ltr'><strong>esse</strong></span> <span class='ocrx_word' id='word_1_285' title='bbox 1239 4282 1393 4363; x_wconf 84' lang='lat' dir='ltr'><strong>videatur,</strong></span> <span class='ocrx_word' id='word_1_286' title='bbox 1429 4283 1468 4346; x_wconf 87' lang='lat' dir='ltr'><strong>cf.</strong></span> <span class='ocrx_word' id='word_1_287' title='bbox 1553 4319 1554 4336; x_wconf 62' lang='grc' dir='ltr'><strong>ι</strong></span> 
     </span>
     <span class='ocr_line' id='line_1_36' title="bbox 246 4394 1554 4483; baseline -0.006 -19"><span class='ocrx_word' id='word_1_288' title='bbox 246 4400 347 4474; x_wconf 79' lang='grc' dir='ltr'><strong>ὕδατα,</strong></span> <span class='ocrx_word' id='word_1_289' title='bbox 374 4399 495 4479; x_wconf 77' lang='grc' dir='ltr'><strong>αἵματα,</strong></span> <span class='ocrx_word' id='word_1_290' title='bbox 524 4421 598 4463; x_wconf 85' lang='lat' dir='ltr'><strong>nem</strong></span> <span class='ocrx_word' id='word_1_291' title='bbox 625 4397 690 4462; x_wconf 78' lang='grc' dir='ltr'>ἔσθ’</span> <span class='ocrx_word' id='word_1_292' title='bbox 721 4397 796 4461; x_wconf 85' lang='grc' dir='ltr'><strong>ὅπου</strong></span> <span class='ocrx_word' id='word_1_293' title='bbox 823 4399 997 4483; x_wconf 81' lang='grc' dir='ltr'><strong>προσπίπτει</strong></span> <span class='ocrx_word' id='word_1_294' title='bbox 1024 4395 1060 4458; x_wconf 80' lang='lat' dir='ltr'><strong>rol</strong></span> <span class='ocrx_word' id='word_1_295' title='bbox 1083 4394 1265 4480; x_wconf 78' lang='grc' dir='ltr'><strong>πληθοντικὰ</strong></span> <span class='ocrx_word' id='word_1_296' title='bbox 1289 4398 1469 4478; x_wconf 82' lang='grc' dir='ltr'><strong>μεγαλορρη-</strong></span> <span class='ocrx_word' id='word_1_297' title='bbox 1553 4453 1554 4462; x_wconf 70' lang='grc'>,</span> 
     </span>
     <span class='ocr_line' id='line_1_37' title="bbox 245 4505 1554 4597; baseline -0.002 -21"><span class='ocrx_word' id='word_1_298' title='bbox 245 4512 405 4597; x_wconf 84' lang='grc' dir='ltr'><strong>μονέστεροι</strong></span> <span class='ocrx_word' id='word_1_299' title='bbox 431 4514 480 4576; x_wconf 81' lang='grc' dir='ltr'><strong>καὶ</strong></span> <span class='ocrx_word' id='word_1_300' title='bbox 507 4512 588 4596; x_wconf 74' lang='lat' dir='ltr'><strong>edroi</strong></span> <span class='ocrx_word' id='word_1_301' title='bbox 617 4511 829 4580; x_wconf 71' lang='lat' dir='ltr'><strong>buiamundum</strong></span> <span class='ocrx_word' id='word_1_302' title='bbox 856 4515 898 4595; x_wconf 81' lang='grc' dir='ltr'><strong>τῷ</strong></span> <span class='ocrx_word' id='word_1_303' title='bbox 927 4508 1011 4595; x_wconf 82' lang='grc' dir='ltr'>ὄχλῳ</span> <span class='ocrx_word' id='word_1_304' title='bbox 1035 4513 1085 4572; x_wconf 82' lang='grc' dir='ltr'><strong>τοῦ</strong></span> <span class='ocrx_word' id='word_1_305' title='bbox 1109 4508 1238 4593; x_wconf 81' lang='grc' dir='ltr'><strong>ἀριθμοῦ</strong></span> <span class='ocrx_word' id='word_1_306' title='bbox 1261 4505 1350 4591; x_wconf 82' lang='grc' dir='ltr'><strong>(Περὶ</strong></span> <span class='ocrx_word' id='word_1_307' title='bbox 1375 4507 1470 4591; x_wconf 74' lang='grc' dir='ltr'><strong>ὕψους</strong></span> <span class='ocrx_word' id='word_1_308' title='bbox 1553 4585 1554 4590; x_wconf 12' lang='lat'>¹</span> 
     </span>
    </p>
   </div>
   <div class='ocr_carea' id='block_1_3' title="bbox 0 0 1572 5124">
    <p class='ocr_par' dir='ltr' id='par_1_13' title="bbox 0 0 1572 5124">
     <span class='ocr_line' id='line_1_38' title="bbox 0 0 1572 5124; baseline 0 0"><span class='ocrx_word' id='word_1_309' title='bbox 0 0 1572 5124; x_wconf 95' lang='lat' dir='ltr'><strong> </strong></span> 
     </span>
    </p>
   </div>
  </div>
 </body>
</html>
