3128 5124
610 403 824 471 -65-

316 579 399 643 οὐδὲν
423 579 560 648 ἐλάττους
582 577 633 648 τὰς
656 578 813 662 φιλότητος
836 577 995 663 παρέχεται
1024 579 1072 641 καὶ
1100 578 1151 647 τὰς
1180 576 1283 646 ὀδύνας
1310 575 1329 660 ἢ

418 691 506 760 αὐτὸς
527 692 607 776 αὑτῷ

318 806 391 890 ὑπέρ
414 829 444 870 τε
467 810 519 889 τῆς
542 805 648 887 ὑγιείας
672 806 778 868 δισσῶν
802 806 947 887 σωμάτων

315 918 386 1002 ὑπέρ
410 942 441 982 τε
464 923 514 982 τοῦ
538 919 602 1003 βίου
625 923 677 1001 τῆς
699 916 840 1000 falleris

316 1031 387 1117 ὑπέρ
411 1055 442 1094 τε
464 1037 517 1115 τῆς
539 1031 731 1115 σωφροσύνης
753 1031 800 1094 καὶ
825 1034 876 1114 τῆς
898 1027 1040 1099 εὐκλείας.

196 1164 352 1228 Nimirum
379 1162 511 1248 scriptor
537 1162 781 1247 parellelismum
813 1161 1041 1226 sententiarum
1073 1161 1149 1225 adeo
1183 1161 1329 1240 excoluit,

109 1285 147 1344 ut
179 1277 270 1362 quasi
303 1277 463 1362 stropham
497 1274 692 1360 antistropha
719 1272 928 1359 excipiat¹²²).
973 1275 1044 1339 Huc
1076 1280 1218 1359 spectare
1253 1282 1329 1358 puto

110 1388 314 1474 Hermogenis
338 1389 376 1454 de
392 1388 586 1474 Antiphonte
609 1388 774 1452 iudicium:
798 1389 847 1452 καὶ
870 1388 1012 1472 ἐπιμελὴς
1036 1388 1067 1451 δὲ
1092 1387 1165 1450 κατὰ
1188 1387 1239 1470 τὴν
1264 1408 1330 1450 σον-

109 1503 207 1586 θήκην
231 1505 278 1566 καὶ
301 1506 363 1571 ταῖς
386 1503 568 1585 παρισώσεσι
593 1500 714 1585 χαίρων.
760 1500 820 1564 Sed
848 1522 1039 1585 quamquam
1061 1501 1159 1582 magis
1186 1501 1330 1566 minusve

109 1616 198 1702 paria
223 1615 348 1701 paribus
372 1615 594 1696 adiunguntur,
622 1621 728 1678 tamen
756 1634 813 1678 nec
841 1613 988 1677 membris
1015 1613 1164 1678 distincta
1192 1620 1240 1679 est
1263 1634 1329 1677 ver·

110 1730 224 1794 borum
248 1704 439 1794 continuatio
465 1749 521 1792 nee
544 1749 709 1792 numerosa
732 1727 874 1791 efficitur.
920 1725 1058 1791 Medium
1085 1734 1132 1792 est
1154 1727 1249 1810 igitur
1271 1726 1329 1790 hoc

109 1842 259 1907 orationis
281 1862 376 1925 genus
399 1841 479 1904 inter
500 1840 574 1910 λέξιν
597 1840 749 1924 εἰρομένην
773 1847 805 1906 et
827 1839 957 1924 Gorgiae
980 1861 1156 1905 sermonem
1180 1839 1325 1905 artificio-

109 1976 189 2018 sum.
229 1954 332 2038 Atque
356 1931 480 2038 propius
503 1953 623 2017 accedit
646 1952 685 2016 ad
709 1959 871 2037 poetarum
886 1952 1057 2017 dictionem
1081 1973 1175 2036 quam
1197 1953 1237 2017 ad
1253 1951 1329 2016 Gor·

109 2068 178 2149 giae
214 2071 313 2130 artem
348 2067 512 2131 enuntiata
549 2065 697 2130 membris
731 2065 937 2151 componendi
972 2074 1066 2151 atque
1100 2065 1328 2131 conformandi.
1387 2109 1389 2114 -

110 2180 250 2244 Proiecto
273 2179 385 2243 similis
409 2186 456 2243 est
471 2179 673 2264 Antiphontis
689 2180 787 2244 oratio
805 2179 922 2264 priseae
945 2178 1057 2243 aetatis
1080 2185 1213 2260 statuae,
1239 2179 1329 2244 euius

109 2292 254 2356 sinistrae
277 2299 381 2376 partes
404 2292 538 2357 dexteris
560 2293 756 2377 respondent,
784 2292 837 2356 sed
866 2312 972 2356 omnes
998 2293 1062 2355 fere
1091 2292 1174 2356 inter
1196 2313 1229 2356 se
1254 2315 1329 2357 eon-

109 2405 262 2470 cinnitate
296 2411 327 2470 et
360 2405 551 2491 aequalitate
585 2412 700 2470 carent.
745 2404 833 2482 Quod
863 2404 890 2468 si
922 2403 1126 2468 statuendum
1160 2425 1224 2468 esse
1252 2405 1328 2468 mihi

110 2518 245 2599 videtur,
268 2540 308 2583 ne
331 2519 461 2583 miratus
484 2518 526 2584 sis
549 2519 657 2583 multis
679 2519 712 2583 in
735 2518 826 2583 rebus
849 2539 899 2581 me
921 2517 1029 2582 iubere
1051 2516 1222 2582 Democriti
1245 2540 1330 2582 com-

111 2652 221 2716 parare
255 2631 471 2711 elocutionem,
508 2651 587 2715 quae
620 2631 762 2716 quamvis
790 2631 872 2695 absit
899 2630 938 2694 ab
967 2631 1173 2715 Antiphontis
1207 2637 1330 2696 tumore

112 2744 274 2826 nimiaque
297 2743 481 2826 granditate,
504 2749 609 2808 tamen
626 2743 721 2808 simili
736 2743 867 2827 insignis
890 2749 936 2808 est
951 2743 1148 2809 abundantia
1164 2744 1328 2808 verborum

112 2865 144 2922 et
166 2857 357 2940 symmetria.
402 2856 517 2921 Eadem
540 2857 616 2921 adeo
640 2863 738 2920 scatet
761 2856 910 2940 numeria
938 2863 972 2920 ut
1000 2877 1098 2941 paene
1122 2877 1229 2922 versus
1252 2879 1330 2920 non·

112 2990 287 3053 numquam
310 2967 557 3051 el'tieiantur¹²³).
603 2968 662 3033 Sed
692 2969 747 3034 hoc
770 2991 831 3034 non
855 2977 901 3034 est
923 2969 1020 3034 solius
1043 2968 1222 3034 Democriti.
1270 2969 1329 3035 So-

113 3081 235 3165 phistae
262 3083 347 3146 enirn
375 3083 502 3166 quidam
536 3082 569 3145 in
595 3081 652 3147 lroc
679 3103 789 3165 genere
823 3082 961 3146 maxime
994 3082 1162 3162 excellunt,
1197 3103 1328 3166 quorum

112 3194 373 3279 dithyrambicam
390 3195 557 3260 dictionem
574 3196 662 3260 Plato
678 3195 711 3260 in
727 3195 865 3260 Phaedro
889 3193 967 3278 (137
978 3217 996 3259 a
1008 3195 1091 3278 sqq.)
1113 3193 1328 3278 imitatur¹'⁴).

112 3308 221 3391 Neque
244 3308 408 3392 quisquam
430 3308 528 3392 magis
550 3307 679 3374 idoneus
695 3307 819 3373 videtur
835 3308 1007 3392 Agathone,
1032 3327 1124 3390 quem
1142 3307 1329 3393 Antiphonti

113 3419 283 3485 finitimum
306 3441 373 3484 essa
395 3420 545 3486 dicamus.

200 3533 281 3597 Nam
297 3541 428 3617 uterque
450 3555 513 3599 non
529 3534 630 3598 solum
647 3533 776 3617 poeticis
802 3533 902 3597 verbis
923 3539 954 3596 et
969 3533 1131 3598 sententiis
1153 3553 1328 3599 sermonem

111 3646 295 3730 arrrplilicat,
327 3645 380 3712 sed
412 3647 506 3712 etiam
541 3647 708 3710 numeris
739 3646 787 3711 vel
817 3644 946 3710 metris
974 3667 1062 3710 aures
1096 3646 1239 3711 delectat.
1286 3648 1330 3712 Ut

111 3757 269 3840 Agathou,
292 3759 346 3844 qui
370 3767 402 3824 et
425 3760 490 3844 ipse
506 3768 570 3824 erat
586 3769 688 3844 poeta,
713 3759 837 3824 Amoris
853 3757 961 3823 laudes
977 3758 1164 3823 hexametris
1181 3759 1328 3837 cumulat,

109 3872 158 3934 sic
191 3871 355 3956 Antiphon
398 3892 500 3936 rerum
542 3872 696 3953 gravitate
733 3877 906 3937 commotus
949 3872 1086 3936 numeris
1122 3872 1330 3957 anapaesticis

110 3983 227 4049 utitur:
251 3987 352 4048 καινοῦ
374 3984 509 4064 δαίμονος
531 3983 628 4070 ἄρχει,
652 3989 752 4049 καινοῦ
768 3983 881 4068 πότμου
901 3983 953 4070 (ir.
971 3984 1038 4067 49).
1094 3986 1175 4062 Quos
1209 3977 1325 4050 versus'

208 4253 251 4319 Ιῃ)
271 4252 309 4304 De
333 4253 493 4322 tragicorum
517 4269 569 4308 usu
593 4253 675 4307 verba
697 4253 788 4308 eodem
813 4253 871 4308 loeo
897 4254 925 4306 in
948 4251 1115 4322 antistropha
1138 4252 1274 4321 repetendi
1297 4253 1329 4306 cl.

111 4339 210 4395 Kaibel
230 4339 248 4392 l.
267 4355 289 4394 a.
307 4357 332 4409 p.
346 4340 407 4394 264.

207 4427 248 4493 ¹²¹)
268 4429 301 4482 cl.
320 4429 377 4482 Birt
396 4429 424 4482 in
444 4430 555 4499 Natorp,
574 4430 722 4485 Demohrits
743 4431 845 4499 Ethiha,
866 4449 891 4500 p.
908 4431 953 4482 181
968 4445 1025 4498 sqq.

207 4515 248 4580 ¹²⁴)
267 4517 299 4570 cl.
319 4517 424 4572 Norden
443 4518 460 4570 1.
474 4533 495 4571 c.
516 4536 542 4588 p.
558 4518 656 4589 109sq.
