3128 5124
196 1285 400 1370 Antiphontis
426 1285 583 1372 sophistae
615 1307 779 1370 personam
813 1296 845 1352 et
878 1288 995 1372 scripte
1028 1287 1176 1371 quoniam
1211 1289 1329 1371 primus

107 1397 307 1462 lineamentis
329 1398 529 1463 adumbravit
553 1399 630 1463 satis
653 1399 746 1464 certis
769 1399 807 1463 H.
832 1398 1032 1486 Sauppius¹),
1061 1401 1117 1464 etsi
1147 1401 1208 1464 iam
1237 1421 1328 1465 nemo

108 1511 174 1575 fere
196 1510 329 1591 dubitat,
352 1512 427 1595 quin
451 1511 604 1596 ampliora
627 1513 800 1594 fragmenta
823 1500 948 1577 nomine
971 1519 1096 1576 tentum
1126 1512 1329 1596 Antiphontis

111 1645 130 1686 a
156 1622 290 1687 Stcbaeo
313 1621 470 1706 signata¹)
492 1615 648 1708 sophistae
675 1623 875 1702 Atheniensi,
899 1645 962 1689 non
995 1625 1111 1689 oratori
1137 1624 1328 1690 Rhamnusic

108 1735 173 1799 sint
194 1735 406 1816 attribuenda,
429 1742 535 1800 tamen
558 1756 619 1800 non
642 1736 744 1800 solum
768 1735 806 1800 de
828 1737 953 1802 Politici
976 1738 1030 1821 qui
1054 1737 1233 1802 inscribitur
1256 1737 1328 1802 libri

110 1848 273 1932 perpaucis
296 1846 359 1912 illis
382 1846 598 1931 fragmentis⁸)
619 1847 720 1912 adhuc
743 1848 921 1932 ambigitur,
945 1849 997 1913 sed
1014 1849 1110 1913 etiam
1126 1851 1156 1914 in
1175 1851 1223 1927 iis,
1248 1871 1329 1934 quae

82 2006 86 2014 .
109 1960 195 2025 nullo
218 1959 291 2024 libri
312 1960 405 2026 titulo
428 1959 564 2025 indicato
587 1966 661 2025 sunt
683 1960 809 2040 tradita,
833 1961 872 2025 ad
894 1961 1017 2046 singula
1040 1962 1196 2046 sophistae
1212 1963 1329 2044 scripte

109 2072 276 2137 referendis
309 2071 497 2137 dissentiunt
522 2073 581 2136 viri
614 2072 796 2137 doctissimi.
847 2074 983 2150 Quorum
1012 2073 1170 2160 Sauppius
1201 2075 1328 2158 quidem

108 2182 281 2248 maximam
303 2185 531 2249 sententiarum
555 2185 721 2249 moralium
745 2193 865 2270 partem
890 2185 1055 2272 adscripsit
1069 2187 1210 2264 Politice,
1235 2207 1327 2270 quem

106 2295 265 2381 sophistae
287 2316 353 2361 esse
377 2317 559 2381 persuasum
583 2295 738 2380 habuit⁴).
784 2297 921 2362 Blassius
943 2299 977 2362 in
994 2297 1129 2363 editione
1144 2319 1200 2363 sua
1216 2320 1328 2364 novem

107 2409 282 2492 fragmenta
303 2408 474 2491 (lto-133)
497 2409 569 2472 libri
595 2407 665 2494 Περὶ
688 2410 834 2490 ὁμονοίας,
858 2411 979 2495 reliqua
1001 2410 1124 2474 Politici
1140 2412 1235 2475 fuisse
1257 2432 1328 2475 con-

108 2518 226 2603 iecit⁸).
276 2519 539 2586 Wilamowituius
567 2520 715 2604 reliquias
742 2521 818 2586 istas
846 2543 863 2586 a
891 2521 1024 2587 Stoboeo
1052 2533 1191 2587 servatos
1221 2543 1329 2587 omnes

107 2654 146 2696 ex
172 2633 283 2698 eodem
314 2633 392 2697 libro
428 2631 499 2718 Περὶ
527 2633 663 2714 ὁμονοίας
689 2643 831 2716 sumptas
865 2655 932 2700 esse
965 2635 1135 2700 arbitratus
1164 2635 1328 2699 Politicum

108 2747 223 2811 oratori
250 2745 423 2810 vindicavit
451 2745 648 2830 eundemque
675 2745 791 2810 librum
819 2747 967 2829 Λοιδορίοο
987 2746 1173 2832 Ἀλκιβιάδου
1200 2747 1329 2812 inscribi

108 2857 253 2942 volnit').
303 2859 442 2935 Quocum
479 2859 634 2924 consentit
661 2859 829 2941 Dielesius,
857 2879 1047 2943 quemqnam
1080 2860 1245 2924 Politicum
1278 2881 1328 2924 so-

108 2970 231 3056 phistae
242 2971 419 3036 attribuens
430 2971 463 3035 in
476 2979 616 3036 veterum
631 2973 907 3055 grammaticorum
919 2973 1105 3036 auctoritate
1117 2971 1327 3057 acquiescit').

107 3083 157 3146 Ab
191 3081 241 3145 his
268 3089 375 3147 eutem
402 3083 533 3148 dissidet
567 3083 767 3161 Bnreechius,
794 3103 865 3147 cum
896 3084 967 3147 illes
994 3085 1165 3148 sententias
1193 3105 1253 3147 non
1289 3085 1327 3147 ad

107 3194 304 3259 concordiem
329 3196 493 3278 pertinere,
517 3194 569 3260 sed
593 3195 631 3259 ed
655 3202 754 3260 erlem
778 3195 933 3278 quandam
959 3194 1208 3272 consolatoriam,
1232 3217 1327 3279 quam

106 3306 215 3392 τέχνην
242 3307 365 3376 ἀλυπίας
387 3307 614 3392 Antiphontem
643 3307 859 3391 conscripsisse
886 3316 993 3373 auctor
1017 3308 1079 3372 Vit.
1103 3307 1132 3372 X
1160 3316 1234 3372 orat.
1265 3317 1328 3372 tra-

107 3417 200 3500 dit⁸)‚
228 3419 440 3485 demonstrare
467 3417 640 3503 conatur⁹).
686 3420 795 3504 Neque
822 3421 904 3485 euim
932 3422 1037 3485 minus
1064 3440 1157 3504 quam
1186 3419 1224 3484 de
1251 3422 1328 3484 asei-

106 3533 255 3614 gnatione
277 3532 521 3614 fragmentorum
544 3533 603 3596 viri
627 3532 709 3598 docti
731 3533 814 3597 iuter
835 3555 868 3596 se
888 3532 1062 3618 discrepant
1085 3534 1123 3597 de
1146 3542 1327 3616 argumento

198 3734 220 3800 ¹)
239 3733 427 3802 Ausgerrtblte
446 3731 580 3785 Schriften
600 3749 625 3800 p.
640 3732 760 3802 508sqq.

199 3819 223 3886 ²)
241 3821 273 3874 fr.
288 3819 425 3874 lto-135
445 3818 531 3878 Bless.
558 3821 590 3872 fr.
600 3821 715 3874 49-51.
739 3819 852 3874 53-54.
872 3819 976 3874 57-62
1001 3820 1082 3882 Diels.
1106 3821 1264 3889 Fragments
1283 3820 1330 3873 der

108 3907 310 3961 Vorsokratiker
328 3908 362 3973 ll,
383 3909 417 3962 1².
437 3907 472 3961 80
490 3908 511 3960 Β
531 3925 557 3976 p.
570 3907 621 3961 597
633 3925 690 3977 sqq.

196 3995 217 4060 ¹)
236 3996 267 4050 fr.
284 3996 422 4050 luo—124
441 3995 491 4060 Bt,
509 3995 614 4050 72-'17
634 3997 717 4050 Diels.

195 4083 219 4151 ⁴)
237 4084 255 4138 l.
269 4099 290 4138 c.
312 4100 337 4152 p.
350 4083 403 4138 522
413 4100 454 4154 eq.

197 4172 219 4239 ⁶)
237 4171 299 4224 adn.
319 4171 353 4226 ed
371 4171 403 4225 fr.
420 4169 479 4224 125.

196 4258 217 4323 ³)
238 4259 325 4312 Herm.
344 4259 383 4312 Xl
402 4257 462 4323 296,
482 4258 564 4312 Arist.
582 4275 609 4312 u.
629 4258 718 4312 Athen
737 4257 749 4311 l
769 4258 828 4312 170.

197 4345 218 4410 τ)
236 4347 362 4400 Vorsok.²
384 4345 419 4399 80
438 4347 460 4399 A
481 4347 497 4398 2
516 4345 646 4413 (cutm).

197 4433 218 4502 ¹)
237 4432 361 4486 Voraok.²
383 4434 419 4488 80
436 4435 459 4487 A
478 4435 494 4488 6
513 4434 641 4500 (nsunt).

196 4521 216 4586 ἢ
236 4521 455 4576 consolationum
475 4522 589 4576 historia
607 4523 675 4582 crit,
695 4521 939 4590 Leipz.Stud.1X
960 4521 994 4573 72
1004 4538 1062 4591 sqq.
