3128 5124
754 417 967 480 ..44-

247 590 387 654 versibus
410 589 541 670 eresq,
566 587 680 671 quibus
702 595 792 650 teuta
815 587 861 650 vis
884 586 1045 651 doctrinae
1067 585 1231 666 tribuitur,
1255 585 1372 650 similia
1394 595 1472 650 sunt

162 729 172 750 ι
247 701 323 766 haec
352 700 568 786 Antiphontis:
604 705 642 783 [ri
676 705 761 763 τοῦτο
795 701 843 764 καὶ
879 700 982 762 θάλλει
1016 698 1063 763 διὰ
1097 700 1204 769 παντὸς
1235 703 1286 762 τοῦ
1315 699 1378 783 βίου
1406 702 1471 762 κτλ.

247 815 292 878 Cf.
316 817 376 878 An.
393 811 504 878 lambl.
525 814 578 893 1,3
606 813 899 897 ...ἀνυπέρβλητον
922 811 1045 894 γίγνεται
1068 815 1167 891 τοῦτο,
1196 810 1240 874 δτι
1269 810 1302 874 ἂν
1327 811 1405 894 ἀσκῄ
1430 834 1473 879 τις

246 934 305 991 τῶν
329 929 505 1011 ἀνθρώπων.

338 1039 401 1104 Nec
423 1039 554 1103 minoris
570 1060 665 1123 quam
681 1039 865 1121 Protagoras
888 1037 1095 1102 eruditionem
1119 1059 1155 1101 ac
1178 1037 1353 1102 doctrinam
1376 1037 1473 1100 aesti-

247 1153 355 1216 mabat
389 1152 602 1231 Democritus,
640 1172 710 1214 cum
751 1151 883 1215 alteram
920 1158 1066 1215 naturam
1105 1172 1174 1213 eam
1213 1170 1316 1213 creare
1355 1149 1474 1214 diceret

245 1265 298 1348 (lr.
317 1265 387 1346 33):
412 1267 431 1348 ἡ
455 1265 558 1348 φύσις
579 1267 627 1328 καὶ
650 1266 669 1346 ἡ
693 1265 822 1348 διδαχὴ
847 1261 1048 1346 παραπλήσιόν
1073 1263 1143 1326 ἐστι.
1178 1265 1302 1347 καὶγὰρ
1326 1264 1472 1346 ἡδιδαχὴ

247 1383 432 1461 μεταρυσμοῖ
463 1378 511 1439 τὸν
546 1376 717 1459 ἄνθρωπον,
754 1380 981 1458 μεταροσμοϋσα
1015 1377 1048 1439 δὲ
1079 1380 1251 1459 φοσιοποιεῖ.
1298 1375 1343 1438 ol.
1371 1375 1474 1439 Eueni

245 1490 316 1554 fae
334 1488 494 1572 (Vorsolr.²
511 1490 542 1552 ll
560 1491 576 1553 1
601 1511 631 1575 p.
646 1489 732 1572 720).
766 1489 918 1552 Similiter
940 1489 1125 1570 Protagoras
1140 1488 1201 1570 (Pl.
1214 1487 1341 1551 Theaet.
1359 1488 1472 1568 166e):

247 1603 278 1665 ἐν
301 1607 337 1685 τῇ
362 1603 477 1685 παιδείᾳ
500 1603 558 1665 ἀπὸ
576 1601 677 1685 ἑτέρας
692 1601 781 1669 ἕξεως
797 1602 845 1664 ἐπὶ
861 1603 913 1684 τὴν
930 1601 1041 1680 ἀμείνω
1059 1599 1253 1684 μεταβλητέον
1266 1599 1327 1681 ¹⁰⁰).
1363 1600 1474 1683 Neque

248 1714 314 1779 nlla
353 1736 402 1778 ars
436 1734 537 1797 neque
568 1713 699 1777 scientia
731 1715 798 1778 sine
831 1713 934 1777 studio
970 1721 1066 1796 atque
1100 1713 1242 1777 doctrina
1274 1721 1475 1797 comparatur

246 1826 387 1910 (1τ.59);
412 1825 479 1889 οὔτε
501 1827 591 1912 τέχνη
615 1825 683 1890 οὔτι
706 1828 794 1910 σοφίη
819 1827 947 1909 ἐφικτόν,
971 1826 1007 1908 ἦν
1031 1827 1072 1909 μὴ
1098 1827 1194 1908 μάθῃ
1218 1849 1268 1893 τις.
1312 1826 1375 1889 Νοο
1399 1846 1474 1890 vero

246 1939 417 2023 quicquam
449 1939 533 2003 valet
564 1939 720 2018 doctrina,
755 1938 815 2002 nisi
844 1939 1047 2002 confirmatur
1074 1949 1105 2002 et
1133 1947 1264 2020 augetur
1292 1959 1349 2000 usu
1377 1945 1474 2022 atque

246 2051 482 2128 exercitatione,
506 2051 620 2133 quibus
644 2051 748 2134 plures
772 2051 844 2113 boni
868 2051 947 2114 fiunt
970 2070 1066 2134 quam
1091 2057 1202 2114 natura
1225 2057 1320 2133 atque
1343 2049 1472 2132 ingenio

247 2163 298 2244 (ln.
316 2163 407 2245 242):
435 2161 555 2230 πλέονες
582 2162 612 2231 ἐξ
639 2163 811 2244 ἀσκήσιος
838 2163 944 2244 ἀγαθοὶ
967 2163 1091 2244 γίνονται
1114 2163 1132 2245 ἣ
1156 2163 1214 2225 ἀπὸ
1238 2162 1350 2245 φύσιος.
1384 2162 1473 2226 ldem

246 2276 343 2338 sentit
366 2275 478 2338 Critias
501 2275 539 2339 fr.
557 2276 586 2337 9.
633 2272 680 2341 Cf.
705 2274 883 2358 Epicharmi
910 2275 946 2337 fr.
964 2275 1015 2338 33.
1061 2275 1128 2337 lam
1157 2297 1176 2337 a
1203 2274 1307 2358 pueris
1334 2274 1474 2358 incipere

246 2394 369 2471 oportet
391 2385 552 2469 (fr.183):
576 2385 638 2450 ἔστι
660 2410 716 2449 που
739 2386 812 2449 νέων
837 2387 946 2455 Εὑνεσις
968 2389 1016 2449 καὶ
1032 2385 1175 2469 γερόντων
1193 2387 1341 2469 storacis·
1366 2386 1475 2469 χρόνος

245 2505 301 2582 γὰρ
329 2499 362 2562 οὐ
391 2500 521 2562 διδάσκει
547 2504 678 2582 φρονεῖν,
707 2497 771 2562 ἀλλ’
798 2502 910 2583 capula
938 2501 1048 2583 τροφὴ
1078 2501 1125 2562 καὶ
1153 2499 1266 2583 φύσις.
1312 2500 1475 2581 Imprimis

250 2633 300 2675 ars
326 2611 427 2674 civilis
454 2611 549 2694 digna
575 2618 621 2674 est
649 2612 752 2675 studio
781 2624 812 2675 et
839 2612 946 2675 labore
973 2611 1024 2692 (fr.
1049 2612 1139 2694 loo:
1173 2611 1225 2693 τήν
1257 2635 1289 2673 τε
1320 2613 1473 2694 πολιτικὴν

249 2723 356 2808 τέχνην
391 2725 527 2807 μεγίστην
561 2723 650 2787 οδσοιν
685 2725 908 2787 ἐκδιδάσκεσθαι
942 2726 990 2787 καὶ
1022 2726 1090 2793 τοὺς
1121 2725 1229 2793 πόνους
1262 2726 1377 2786 διώκειν
1409 2728 1474 2787 κτλ.

251 2837 407 2900 Virtutem
430 2837 555 2900 civilem
572 2837 769 2901 Democritus
792 2836 917 2900 etiamsi
945 2838 1040 2900 finem
1069 2858 1133 2900 esse
1155 2836 1257 2901 omnis
1277 2837 1474 2900 educationis

249 2972 285 3013 ac
314 2949 496 3033 disciplinae
525 2971 595 3013 cum
623 2950 771 3036 sophistis
794 2950 950 3013 consentit
972 2948 1026 3032 (cl.
1051 2951 1087 3013 lr.
1105 2950 1194 3032 252),
1223 2957 1327 3013 tamen
1352 2950 1475 3032 siquis

251 3063 340 3126 beate
362 3063 467 3127 vivere
492 3062 576 3141 velit,
599 3071 715 3141 monet,
740 3085 779 3127 ne
802 3070 932 3125 naturae
956 3083 991 3125 ac
1014 3062 1173 3125 facultatis
1188 3064 1317 3126 modum
1333 3071 1475 3126 transeat

248 3177 300 3256 (fr.
318 3175 363 3256 3).
398 3175 480 3238 Nam
503 3177 647 3258 quamvis
670 3175 805 3238 multum
828 3174 986 3238 doctrinae
1003 3174 1163 3254 tribueret,
1187 3194 1345 3238 summum
1361 3194 1473 3257 quem·

250 3307 310 3369 que
337 3287 440 3350 virum
475 3286 647 3370 plurimum
681 3287 805 3367 ingenio
833 3287 938 3350 valere
969 3308 1031 3350 non
1064 3287 1228 3380 ignorabat
1253 3288 1306 3370 (fr.
1327 3287 1379 3350 bb.
1403 3286 1471 3370 21).

250 3542 276 3593 p.
293 3526 359 3579 1132
379 3527 441 3579 adn.
456 3527 478 3578 1.
501 3527 568 3580 1120
587 3528 648 3579 adn.
666 3528 696 3591 4;
726 3528 804 3580 Arch.
829 3528 847 3580 f.
872 3528 966 3580 Gesch.
991 3529 1016 3580 d.
1040 3527 1152 3579 Phil.V
1179 3528 1249 3594 177).
1296 3520 1364 3579 sunt
1392 3529 1473 3580 etiam

249 3614 318 3668 alies
338 3617 539 3668 convenientiae
558 3617 628 3667 inter
640 3615 759 3669 Platonis
780 3633 928 3674 sermonem
949 3620 976 3668 et
990 3617 1210 3683 Disputationum
1226 3632 1284 3683 cap.
1299 3615 1352 3683 vl,
1371 3616 1399 3667 in
1420 3632 1473 3684 quo

249 3703 342 3755 eadem
361 3704 415 3756 lere
434 3704 616 3771 inveniuntur,
636 3706 732 3772 quibus
747 3705 870 3760 Socrates
890 3706 1015 3757 virtutem
1036 3706 1124 3758 doceri
1138 3721 1191 3757 nun
1206 3720 1284 3773 posse
1299 3705 1474 3757 demonstrat.

251 3790 371 3843 Alterum
397 3793 477 3859 enim,
504 3792 575 3860 quud
600 3793 722 3859 sophista
745 3794 845 3860 profert
869 3793 938 3859 (6‚3)
963 3793 1086 3862 congruit
1109 3811 1167 3846 cum
1193 3809 1234 3860 eu,
1258 3793 1329 3859 quod
1350 3792 1474 3846 Socrates
1548 3785 1549 3832 ἕ

251 3895 276 3945 p.
291 3877 414 3946 319asq.
428 3881 546 3947 exponit,
566 3881 598 3932 cl.
612 3879 693 3933 aare.
722 3882 838 3933 Tertium
855 3881 923 3934 idem
939 3889 989 3946 est,
1008 3882 1078 3950 quod
1093 3881 1215 3934 Socrates
1234 3897 1260 3948 p.
1275 3880 1346 3933 319e
1362 3881 1474 3949 profert,

250 3967 284 4018 cf.
304 3965 387 4018 eald.
430 3969 543 4020 Restant
561 3967 622 4031 alia,
647 3983 714 4036 quae
738 3984 796 4020 cum
821 3968 910 4021 aliena
934 3973 1022 4022 essent
1046 3969 1196 4021 eSocratis
1222 3970 1324 4021 ratione
1343 3968 1407 4034 (63)
1429 3980 1475 4021 aut

253 4056 405 4107 urbanitate
420 4055 546 4120 (bh-6),
560 4055 636 4108 Plato
656 4057 754 4109 omisit.
792 4056 931 4109 Praeterea
949 4063 1041 4109 auctor
1061 4051 1277 4124 Disputatichum
1299 4058 1397 4110 eisdem
1418 4057 1474 4110 fere

250 4143 338 4197 causis
366 4145 460 4208 utitur,
490 4144 586 4210 quibus
610 4144 768 4213 Protagoras
793 4144 926 4197 Socratem
955 4145 1063 4197 refellit.
1101 4146 1218 4214 Uterque
1246 4146 1314 4198 enim
1339 4145 1472 4213 Polycleti

250 4231 365 4284 filiorum
391 4231 540 4299 exemplum
565 4232 649 4299 affert,
678 4234 712 4284 cl.
735 4233 807 4285 Prot.
832 4233 912 4298 saec,
940 4235 1046 4301 Disput.
1066 4234 1117 4298 6,8.
1161 4235 1199 4286 llx
1227 4251 1278 4303 quo
1307 4233 1475 4302 intellegitur
1548 4281 1549 4304 ,

250 4320 388 4374 Platonem
412 4321 478 4373 libro
503 4322 615 4388 quodam
640 4321 802 4390 Protagorae
825 4339 903 4374 usum
928 4339 996 4390 esse,
1027 4338 1078 4390 quo
1107 4323 1139 4374 de
1168 4325 1265 4376 virtute
1295 4322 1415 4376 docenda
1444 4325 1472 4375 in

250 4412 509 4477 utramquepartem
530 4408 684 4476 disputavit.

323 4499 366 4560 ¹⁰⁰)
385 4497 418 4550 cl.
438 4498 546 4566 Natorp,
567 4498 717 4551 Demokrits
738 4499 834 4550 llthika
852 4515 877 4566 p.
894 4500 943 4552 118
963 4500 1024 4552 adn.
1041 4502 1063 4552 1.
