3128 5124
744 421 957 484 -54-

238 591 386 674 Pythicae
420 612 521 676 neque
548 591 697 657 victoriae
724 591 845 656 navalis
872 589 1019 677 (seerop)
1046 592 1208 658 notionem
1235 595 1269 658 in
1303 593 1465 659 communi

239 703 366 787 quidem
398 724 540 768 sermone
574 725 636 768 uno
670 703 765 768 verbo
800 704 972 789 composito
1006 705 1180 790 exprimere
1213 705 1368 785 solebant,
1405 705 1465 770 etsi

238 817 413 900 ναυμαχίαν,
436 815 619 899 πεζομαχίαν
643 815 743 899 (Her,
760 815 873 899 Thuc.)
895 817 1147 901 frequentabant.
1191 817 1293 882 Aliter
1315 817 1353 882 de
1378 839 1465 882 com-

239 929 349 1014 positis
372 928 579 1012 ὀλυμπιονίκης
601 927 820 1011 similibusque
843 949 891 992 res
912 950 946 992 se
968 928 1073 1009 habet,
1096 951 1176 1014 quae
1199 930 1234 993 in
1256 929 1380 1013 vulgari
1404 951 1464 995 usu

238 1040 364 1105 honoris
385 1041 515 1120 nomina
538 1049 569 1104 et
591 1041 680 1124 quasi
704 1040 812 1105 titulos
835 1041 932 1105 fuisse
960 1063 998 1106 ex
1022 1040 1119 1106 Thuc.
1143 1042 1157 1105 I
1176 1043 1270 1120 126,3
1292 1039 1402 1106 Κύλων
1427 1043 1464 1129 ἦν

236 1150 397 1237 Ἀθηναῖος
419 1153 493 1237 ἀνὴρ
513 1151 745 1236 Ὀλυμπιονίκης
772 1161 804 1216 et
829 1152 941 1217 Herod.
965 1153 1042 1217 VIII
1063 1153 1103 1218 47
1128 1162 1273 1238 apparet:
1302 1155 1377 1239 ἀνὴρ
1402 1157 1464 1239 τρὶς

239 1266 409 1349 πυθιονίκης
443 1266 589 1333 Φάυλλος.
649 1265 719 1329 Huc
756 1264 915 1348 pertinent
950 1266 1080 1330 nomina
1116 1267 1242 1350 propria
1276 1265 1465 1346 Πυθιόνικος,

242 1375 432 1457 ’locuturos
455 1398 587 1463 quarum
615 1378 786 1442 femininae
807 1377 925 1442 formae
952 1387 1027 1442 sunt
1051 1375 1251 1463 Πυθ(ι)σνίκη,
1276 1377 1465 1465 Ἰσθμονίκη,

238 1490 405 1575 praecipue
438 1491 638 1555 meretricum
674 1489 802 1555 nomina
832 1489 887 1570 (of.
911 1490 1048 1572 Bechtel,
1078 1491 1116 1554 D.
1141 1497 1196 1555 att.
1222 1492 1461 1558 Frauennamen

238 1624 269 1688 p.
285 1602 352 1685 53).
398 1603 543 1666 Ceterum
565 1602 755 1686 ὀλυμπιονίκη
771 1622 826 1686 pro
843 1602 974 1666 victoria
990 1603 1154 1687 Olympiae
1176 1603 1325 1668 audacter
1346 1605 1464 1669 forma·

239 1722 308 1780 tum
324 1720 371 1778 est
385 1735 441 1799 per
456 1714 632 1798 analogiam
649 1715 731 1780 vocis
744 1713 902 1797 ἀκρόπολις
917 1715 969 1792 (cf.
983 1714 1174 1797 Brugmann,
1191 1716 1242 1780 Gr.
1260 1716 1311 1780 Gr.
1327 1736 1358 1800 p.
1374 1717 1464 1799 143).

239 1828 322 1891 Nam
355 1826 381 1891 si
415 1827 554 1910 primum
584 1826 774 1891 substantivi
803 1826 968 1912 compositi
990 1827 1168 1891 membrum
1191 1835 1238 1891 est
1260 1828 1464 1909 adiectivum,

239 1939 357 2004 mutari
378 1939 458 2004 solet
486 1939 620 2003 alterum
643 1939 832 2018 membrum,
868 1939 894 2002 si
922 1947 969 2002 est
996 1939 1231 2004 substantivum
1257 1940 1463 2020 abstractum,

240 2053 278 2116 cf.
296 2053 409 2135 σφαχήι
434 2052 602 2134 νεοσφαγία,
626 2049 724 2132 λόγοςι
753 2051 927 2134 σεμνολογία
944 2059 1001 2130 eto.
1040 2051 1286 2136 Nonnumquam
1308 2060 1464 2134 mutatur,
1544 2101 1545 2160 χ

239 2165 448 2231 etiamsinon
472 2172 518 2229 est
534 2165 735 2243 abstractum,
759 2165 798 2228 cf.
823 2163 901 2246 μήνη
926 2187 933 2226 :
958 2165 1108 2246 νεομηνία,
1132 2166 1223 2248 τάφος
1247 2190 1255 2228 :
1278 2168 1461 2249 κενοτάφιον.

326 2277 445 2340 Rarum
461 2284 508 2340 est
519 2275 627 2360 ’Atqu
651 2278 687 2340 fr.
705 2278 745 2340 41
771 2277 947 2361 βιομήχαναι
963 2277 1058 2341 ArIst.
1076 2278 1114 2341 H.
1133 2278 1171 2341 A.
1188 2278 1272 2359 9,15.
1296 2316 1338 2325 —
1352 2279 1402 2343 Fr.
1422 2279 1464 2344 15

238 2387 348 2474 ἔμβιος,
372 2409 433 2473 quo
456 2388 689 2474 Theophrastus
713 2389 822 2454 utitur.

323 2500 360 2565 II.
385 2502 467 2582 ὁμον.
490 2503 527 2566 fr.
543 2502 585 2566 48
608 2501 824 2566 θεειδέστατον·
847 2503 919 2565 θεοῦ
937 2501 1014 2566 ἰδέαν
1031 2501 1112 2587 ἔχον.
1156 2502 1304 2568 Doricam
1326 2505 1460 2568 formam
1544 2575 1545 2588 ,

239 2613 349 2695 σιειδής
371 2613 405 2677 in
427 2613 590 2678 Alcmanis
612 2613 780 2679 Parthenio
804 2614 847 2698 (v.
865 2613 921 2697 71)
942 2615 1129 2678 monstravit
1145 2615 1416 2679 Wilamowitaius.
1544 2663 1545 2682 ι

326 2724 363 2789 Π.
387 2727 470 2808 ὁμον.
493 2727 529 2788 fr.
546 2725 586 2790 51
611 2726 810 2809 ὀλιγοχρόνιος
832 2726 943 2790 Mimn.
967 2727 1041 2790 snb
1065 2726 1124 2804 Cr,
1153 2725 1295 2790 Democr.
1324 2727 1361 2791 fr.
1385 2728 1462 2810 285,

238 2838 354 2902 Herod.
377 2839 393 2902 I
415 2838 467 2918 38,
491 2840 551 2901 An.
575 2838 686 2902 Iambl.
710 2839 773 2921 ZI,
797 2839 877 2902 Plut.
902 2838 1016 2902 Phaed.
1041 2837 1114 2902 87σ.

325 2951 373 3015 Fr.
391 2953 433 3016 60
455 2950 567 3033 ἐναρόω
589 2973 746 3035 nusquam
763 2951 838 3016 alibi
853 2951 970 3016 inveni.
1005 2949 1147 3014 Eandem
1161 2951 1283 3014 serendi
1298 2951 1461 3015 notionem

239 3064 335 3128 habet
357 3063 439 3147 ἀράω
462 3062 507 3126 Pl.
532 3062 662 3127 Phaedr.
687 3062 787 3145 2761),
811 3085 873 3148 qua
895 3063 934 3126 de
956 3084 989 3126 re
1012 3062 1211 3127 Heindorfius
1234 3062 1274 3126 ad
1297 3063 1318 3126 l.
1335 3085 1361 3127 c.

325 3175 373 3238 Fr.
390 3175 430 3239 61
456 3174 664 3257 ἐξανδροῦσθαι
686 3197 793 3239 rarum
816 3175 931 3240 Herod.
956 3175 986 3239 II
1010 3175 1062 3255 64,
1084 3177 1139 3238 Ar.
1163 3174 1241 3258 Equ.
1269 3175 1364 3256 1241,
1387 3175 1461 3240 Eur.
1544 3133 1545 3136 Ἴ

239 3288 355 3352 Phoen.
373 3288 423 3369 32,
447 3287 571 3371 saepius
594 3288 772 3370 ἀνδροῦσθαι
795 3288 920 3370 Herod,
944 3289 1102 3372 Hippocr,
1127 3288 1209 3365 Eun,
1234 3287 1291 3367 Pr,
1315 3287 1412 3352 Arist.
1544 3311 1545 3376 }

326 3398 376 3463 Fr.
392 3399 435 3462 54
458 3400 640 3484 ἀχαριστεῖν·
670 3399 733 3462 ἀντὶ
759 3404 811 3463 τοῦ
839 3402 880 3483 μὴ
909 3400 1084 3484 χαρίζεσθαι
1111 3401 1260 3483 Harpocr.
1285 3400 1460 3479 adnotavit,
1544 3445 1545 3510 χ

241 3511 324 3596 quod
347 3511 385 3575 ab
409 3521 568 3576 oratorum
595 3534 653 3576 usu
676 3512 802 3592 recedit,
830 3513 883 3576 sed
911 3513 1024 3594 legitur
1051 3513 1160 3576 eodem
1186 3533 1277 3576 sensu
1306 3533 1355 3596 ap.
1380 3513 1460 3576 Plat.

241 3630 272 3688 et
294 3624 391 3687 Arist.
438 3623 483 3687 Os.
507 3624 604 3688 Belli.
629 3624 746 3688 Anecd.
770 3645 800 3709 p.
818 3623 923 3703 218,9.

326 3735 505 3820 Composita
527 3758 600 3800 oum
622 3735 668 3800 εὐ·
693 3736 777 3820 apud
801 3756 908 3800 omnes
935 3738 998 3800 lere
1026 3736 1112 3800 illius
1144 3737 1258 3800 aetatis
1293 3738 1461 3820 scriptores

240 3849 356 3930 vigent.
402 3847 463 3912 Sed
486 3848 574 3912 nulla
596 3850 661 3912 fere
683 3849 778 3913 habet
801 3851 875 3912 Ant.
900 3848 957 3912 Rh.
982 3849 1093 3913 Postea
1115 3849 1252 3912 maxime
1275 3849 1461 3914 Aristoteles
1544 3893 1545 3948 3

240 3961 279 4024 iis
301 3981 376 4024 usus
399 3969 454 4026 est.

326 4073 374 4136 Fr.
392 4074 431 4137 51
456 4072 705 4157 εὐκατηγόρητοςε
734 4074 818 4137 solus
842 4073 939 4138 Thuc.
963 4073 1007 4136 VI
1032 4074 1082 4138 77.
1116 4113 1158 4120 -
1199 4073 1247 4137 Fr.
1271 4074 1313 4137 70
1346 4073 1461 4157 εὐήνιος

331 4503 375 4572 1⁰⁸)
396 4501 491 4555 OmisIt
509 4503 558 4555 hoc
578 4508 604 4554 et
623 4501 825 4574 είνκατηχόρητος
844 4505 961 4558 Wolcott
979 4505 998 4558 l.
1018 4519 1040 4556 o.

123 4187 128 4194 '
240 4185 400 4271 Hippone,
428 4186 528 4249 Plato.
556 4224 597 4231 -
625 4186 674 4250 Fr.
693 4185 734 4248 74
756 4185 888 4270 (Πυλιτ.)
917 4185 1098 4267 εὐσύμβολος
1127 4207 1181 4270 pro
1210 4183 1243 4248 εὖ
1273 4187 1458 4269 συμβάλλων,
1544 4179 1545 4206 ¹

240 4333 282 4344 —
306 4297 350 4362 Cf.
373 4298 464 4380 Gorg.
487 4300 560 4362 fae
584 4297 741 4382 εὐόργητος
764 4298 860 4362 Thuc.
884 4298 899 4360 I
918 4299 977 4362 122
989 4295 1052 4380 ¹⁰⁸),
1075 4298 1165 4380 Gorg.
1182 4297 1251 4363 Hel.
1270 4300 1310 4364 14
1333 4297 1458 4378 εὐμετά-
1544 4335 1545 4356 ι
