3128 5124
748 398 962 462 ..52-

245 574 261 635 δ
298 572 332 634 ού
360 575 513 656 πανταχοῦ
539 570 664 654 ἀγαθόν·
689 571 814 638 πολλοὺς
836 572 891 653 γάρ
913 574 1045 633 τοιαῦται
1068 570 1182 638 ἐλπίδες
1204 572 1266 634 κτλ.
1291 607 1333 616 -
1354 568 1403 632 Fr.
1423 569 1469 632 53

244 685 523 770 ...προστιθέντες
546 687 664 768 ἥδονται
688 683 734 746 οἶα
758 683 795 764 δή
819 705 860 750 τις
884 681 918 744 ἂν
942 683 1084 745 εἰκάσειεν
1100 683 1235 766 ἥδεσθαι.
1274 671 1470 764 ἀφαιροῦντες

244 799 276 861 δὲ
293 846 300 860 .
317 845 325 860 .
367 797 501 878 ἀλγούσιν
519 847 526 860 .
544 847 551 860 .
568 844 575 859 .
594 798 692 879 ὥσπερ
709 843 716 858 .
735 846 741 859 .
760 845 767 859 .
785 795 1004 879 ἀφαιρούμενοι.
1020 831 1061 842 -
1077 796 1125 859 Fr.
1142 796 1184 860 49
1197 797 1238 878 μὴ
1254 794 1291 857 τά
1306 793 1469 875 παλίγκοτα

243 910 393 992 λέγωμεν,
431 909 564 991 λεγέσθω
601 912 663 972 κτλ.
721 911 788 985 (λου
826 907 1052 972 consuetudine
1086 908 1291 991 Antiphontis
1325 906 1469 990 neglecta

245 1021 382 1085 Blassius
405 1021 530 1106 scripsit
552 1019 683 1102 γενέσθω
708 1040 762 1103 pro
785 1019 929 1100 λεγέσθω.
955 1055 992 1064 -
1018 1019 1078 1083 Sed
1101 1041 1179 1083 cave
1203 1019 1309 1082 credas
1332 1019 1465 1083 eandem

244 1135 276 1197 in
300 1134 357 1198 hoo
380 1134 519 1216 sophista
540 1155 606 1197 esse
628 1133 716 1196 illam
739 1132 889 1196 sermonis
913 1131 1146 1214 antiquitatem.
1185 1131 1220 1195 Id
1244 1131 1345 1216 ipsum
1368 1131 1465 1198 enim.

244 1247 326 1330 quod
348 1245 396 1309 illi
419 1246 544 1330 quidem
569 1245 704 1309 naturali
728 1243 864 1328 quadam
881 1245 1003 1308 incuria
1018 1244 1218 1325 admiserant,
1243 1244 1336 1308 huius
1353 1245 1467 1307 aetatis

243 1360 410 1444 scriptores
433 1360 466 1421 in
491 1366 588 1421 artem
613 1365 707 1440 atque
730 1356 835 1420 lusum
859 1364 1030 1422 verterunt.
1070 1359 1207 1433 Quorum
1231 1359 1375 1440 princeps
1398 1356 1467 1440 ipse

244 1481 290 1536 est
324 1472 461 1554 Gorgias,
496 1471 533 1534 ct.
563 1471 635 1534 fruc
663 1471 692 1532 τί
717 1469 771 1552 γὰρ
807 1470 884 1552 ἀπῆν
919 1474 978 1536 τοῖς
1014 1471 1162 1553 ἀνδράσι
1196 1468 1307 1536 τούτοις
1341 1470 1382 1530 ὧν
1417 1470 1471 1530 δεῖ

245 1585 392 1665 ἀνδράσι
414 1588 617 1667 π’ροσεῖναι;
641 1584 715 1646 τίδὲ
731 1583 779 1645 καὶ
802 1587 936 1665 προσῆν
960 1584 1001 1645 ὧν
1018 1582 1051 1645 ού
1075 1585 1131 1645 δεῖ
1150 1587 1351 1666 προσεῖναι;
1374 1583 1468 1645 εἰπεῖν

245 1696 386 1778 δυναίμην
409 1696 429 1758 ἀ
452 1696 642 1779 βούλομαι,
667 1697 861 1780 βουλοίμην
885 1689 912 1757 δ’
932 1695 951 1757 ἀ
973 1697 1019 1757 δεῖ
1041 1699 1102 1758 κτλ.
1118 1732 1157 1742 -
1177 1695 1331 1759 Ρο]οι1ι.ι’)
1355 1694 1468 1775 ὅτιμὲν

245 1805 295 1870 ούν
323 1807 357 1870 ού
386 1814 489 1892 σαφῶς
518 1810 605 1877 εἰδὼς
627 1810 643 1871 ύ
667 1810 828 1892 κατήγορος
850 1813 1007 1891 κατηγορεῖ
1030 1831 1096 1889 μου,
1121 1815 1223 1891 σαφῶς
1245 1807 1323 1870 οἶδα·
1348 1807 1469 1870 σύνοιδα

244 1920 299 2004 γὰρ
323 1921 442 2004 ἐμαυτῷ
468 1927 571 2004 σαφῶς
593 1925 654 1984 κτλ.
671 1921 845 1985 —Eodem
867 1922 938 1985 lusu
962 1921 1099 1985 maxime
1122 1920 1295 1984 delectatur
1308 1919 1469 2001 Agathou,

245 2033 283 2096 of.
312 2033 357 2097 Pl.
375 2033 470 2096 Conv.
495 2035 578 2097 rate
607 2039 801 2116 ...πρῶτον
826 2035 878 2114 μὲν
901 2035 991 2095 εἰπεῖν
1020 2035 1060 2100 ὡς
1090 2034 1150 2117 χρή
1176 2055 1211 2114 με
1234 2033 1335 2106 εἰπεῖν,
1364 2029 1469 2094 ἔπειτα

243 2146 346 2208 εἰπεῖν.
399 2146 541 2230 195csq.
575 2146 741 2229 quinquies
770 2145 917 2230 deinceps
945 2147 1068 2219 ἁπαλός,
1098 2146 1144 2209 his
1172 2146 1330 2228 ἁπολότης.
1381 2143 1469 2208 196υ

244 2255 388 2342 κρατοῖντ’
415 2256 449 2319 ἀν
478 2258 534 2320 ύπδ
552 2255 698 2338 Ἔρωτος,
727 2259 795 2320 ύδὲ
822 2264 935 2342 κρατοῖ·
965 2263 1079 2341 κρατῶν
1108 2257 1140 2320 δέ
1164 2260 1225 2320 κτλ.
1271 2260 1314 2322 At
1337 2256 1469 2338 Gorgias

243 2371 409 2434 verborum
434 2371 599 2434 iteratione
622 2370 832 2434 membrorum
857 2372 1072 2454 symmetriam
1096 2391 1209 2452 augere
1231 2369 1346 2450 studet,
1371 2389 1469 2452 quam

243 2482 388 2564 Agathou
417 2504 527 2561 parum
551 2482 686 2567 respicit,
712 2485 749 2547 ct.
773 2483 863 2566 Gorg.
880 2484 954 2546 fruti
978 2530 985 2545 .
1004 2487 1087 2546 ,τῶν
1111 2484 1219 2551 ἀδίκως
1242 2482 1469 2566 δυστυχούντων

245 2642 253 2657 .
271 2641 279 2657 .
296 2640 303 2656 .
320 2600 378 2656 τῶν
401 2596 510 2663 ἀδίκως
525 2594 738 2680 εὐτυχούντων.
774 2595 881 2660 Palam
904 2600 918 2659 1
939 2645 946 2659 .
964 2646 971 2660 .
988 2596 1107 2664 δικαίως
1122 2596 1281 2658 ἀποθανεῖν
1298 2642 1305 2657 .
1321 2643 1328 2658 .
1343 2644 1349 2658 .
1366 2595 1470 2678 βιαίως

242 2707 413 2771 ἀποθανεῖν.
453 2707 604 2772 Similiter
627 2718 723 2792 atque
739 2708 877 2790 GorgiaS,
902 2708 1046 2790 quamvis
1075 2729 1138 2772 non
1166 2707 1273 2771 eadem
1291 2707 1469 2770 disserendi

244 2844 279 2886 ac
319 2822 530 2905 distinguendi
568 2823 758 2900 subtilitate,
793 2843 855 2906 qua
887 2823 940 2886 ille
973 2823 1129 2886 contraria
1156 2823 1238 2885 inter
1264 2842 1296 2885 se
1325 2821 1468 2905 opponit,

244 2935 339 2999 ceteri
366 2934 458 2998 huius
485 2935 601 2998 saeculi
624 2942 761 3026 orato-res
785 2935 949 2999 verborum
972 2935 1138 2998 iteratione
1162 2939 1301 3012 utuntur,
1326 2940 1361 2996 ut
1384 2953 1470 3016 sym-

244 3049 390 3112 metriam
413 3047 571 3130 quandam
594 3049 660 3111 sive
677 3048 931 3133 parallelismum,
955 3069 1047 3131 quem
1068 3055 1189 3127 vocant,
1214 3045 1359 3110 efficiant.
1402 3045 1470 3110 Nec

245 3181 317 3224 vero
351 3161 452 3225 solum
487 3160 610 3242 singula
643 3161 754 3240 verba,
789 3160 844 3224 sed
878 3161 974 3223 etiam
1009 3167 1090 3224 totas
1124 3159 1293 3223 sententias
1327 3167 1470 3242 repetere

246 3273 357 3337 solent.
402 3273 503 3336 Multa
526 3280 652 3336 exstant
676 3273 819 3356 exempla
843 3273 924 3356 apud
947 3276 1021 3336 Ant.
1046 3280 1210 3352 oratorem,
1233 3270 1468 3350 Antisthenem‚

244 3385 332 3447 nulia
364 3385 426 3448 fere
461 3384 543 3468 apud
572 3383 788 3466 Thucydidem
821 3384 983 3448 brevitatis
1016 3383 1107 3447 illum
1134 3382 1401 3447 studiosissimum
1436 3393 1470 3446 et

246 3495 498 3560 Alcidamantem
526 3496 709 3580 scriptorem
738 3497 777 3559 ab
806 3497 996 3579 antiquitate
1025 3497 1087 3559 iam
1111 3495 1210 3578 magis
1234 3503 1388 3558 remotum
1412 3493 1470 3574 (ci.

244 3609 332 3672 Blass
360 3608 423 3671 hc.
449 3609 478 3670 11
505 3610 565 3672 351
595 3608 665 3672 adn.
696 3609 741 3690 o).
787 3609 831 3672 Cf.
863 3611 938 3672 Ant.
969 3609 1025 3671 Rh.
1055 3610 1069 3671 I
1103 3613 1138 3674 11
1170 3611 1309 3671 ..ταῦτα
1345 3605 1469 3690 μέγιστοι

245 3722 387 3803 τεκμήρια
415 3721 599 3806 παρείχοντο,
631 3725 672 3789 ὡς
694 3721 748 3783 ούκ
771 3720 873 3805 ἔνοχοί
895 3722 950 3784 εἰσι
972 3726 1014 3804 τῷ
1038 3722 1120 3804 ιρύνῳ
1138 3769 1145 3782 .
1164 3770 1170 3782 .
1188 3769 1195 3783 .
1212 3724 1302 3783 ταῦτα
1325 3719 1470 3801 τεκμήρια

244 3833 319 3896 εἶναι
342 3836 383 3901 ὡς
406 3834 477 3896 εἰσὶν
501 3832 599 3918 ἔνοχοι
622 3838 664 3919 τῳ
688 3834 779 3918 φόνῳ.
819 3835 890 3897 126
914 3833 1065 3918 ..βιαίως
1088 3833 1228 3896 ἀπέθανε.
1267 3837 1330 3899 πῶς
1353 3832 1407 3915 γάρ
1432 3833 1469 3895 ού

246 3947 347 4030 βιαίως
370 3945 516 4008 ἀπέθανεν
540 3951 600 4008 κτλ.
639 3947 666 4008 V
683 3948 703 4011 5
727 3945 787 4008 οὔτ’
810 3944 886 4029 ἔργῳ
904 3948 1107 4029 ἁμαρτάνοντα
1123 3945 1173 4008 διά
1187 3947 1305 4030 ῥήματα
1321 3947 1469 4028 σωθῆναι,

246 4056 308 4120 οὔτ’
341 4055 417 4142 ἔργῳ
453 4059 552 4140 ὀρθῶς
584 4059 730 4141 πράξαντα
764 4059 811 4121 διά
847 4059 966 4142 ῥήματα
999 4058 1183 4121 ἀπολέσθαι.
1228 4056 1293 4119 Eia
1320 4055 1472 4142 Spatura·

245 4171 351 4232 oodrdc
372 4171 450 4233 diosc
473 4169 707 4253 Wa'ederholuap
729 4171 897 4234 cerratedea
912 4168 1084 4252 babeant,
1108 4171 1206 4234 doerit
1220 4171 1270 4232 die
1284 4167 1472 4254 Symmacho

336 4326 381 4392 ¹¹⁷)
401 4327 484 4394 Atqui
503 4325 664 4394 Xenophon,
688 4327 735 4378 nbi
760 4328 825 4378 artis
844 4326 988 4379 rhetoricae
1007 4326 1136 4380 subsidiis
1155 4327 1248 4392 utitur,
1271 4327 1305 4378 ah
1325 4325 1375 4378 hac
1395 4342 1471 4379 seve-

246 4415 323 4468 ritate
342 4416 510 4483 symmetriae
530 4415 677 4468 orationem
695 4430 749 4466 non
770 4414 908 4480 relaxavit,
928 4415 955 4466 id
974 4415 1046 4481 quod
1065 4414 1187 4484 pluribus
1206 4414 1337 4480 exemplis
1358 4414 1472 4469 demon-

246 4505 339 4557 stravit
358 4503 513 4557 Schachtins
533 4503 551 4555 1.
565 4520 586 4556 ο.
605 4520 631 4572 p.
645 4503 680 4556 30
690 4519 747 4572 sqq.
