3128 5124
602 389 815 453 „57-

95 571 125 627 et
148 563 248 627 Aiace
271 561 402 626 senariis
417 563 483 626 sive
499 562 636 626 numeris
652 562 794 627 iambicis
818 564 871 645 (of.
889 563 939 628 Ai.
957 565 986 628 5.
1011 563 1066 627 Od.
1085 565 1114 628 9.
1133 564 1188 646 12)
1213 565 1314 628 obscr-

96 675 175 740 vatis
213 682 378 758 utramque
411 675 582 739 orationem
617 676 655 739 ab
685 675 813 740 homine
844 676 946 741 nescio
981 696 1042 759 quo
1077 697 1114 741 ex
1148 677 1314 760 tragoediis

96 789 283 871 quibusdam
300 788 332 853 in
349 809 471 874 prosam
487 810 608 852 versam
631 796 739 874 postea
755 789 933 854 Antistheni
952 810 1112 874 perperam
1129 791 1313 856 attributam

95 923 159 966 esso
181 901 243 966 sibi
267 901 430 986 persuasit.
476 901 522 966 De
538 901 726 966 Antisthene
749 902 833 966 enim
849 908 974 967 auctore
990 902 1127 967 dubitari
1151 903 1227 968 adeo
1250 923 1312 968 non

96 1013 270 1099 potest¹³⁰),
294 1021 331 1079 ut
353 1014 557 1080 statuendum
580 1035 645 1078 esse
668 1015 745 1078 mihi
769 1013 910 1078 videatur
933 1036 1005 1078 eum
1025 1016 1212 1100 scriptorum
1226 1016 1313 1081 illius

95 1128 211 1192 saeculi
228 1148 322 1207 more,
345 1127 527 1212 praesertim
543 1149 614 1191 cum
631 1127 805 1211 tragoediae
820 1147 968 1211 personas
984 1128 1156 1209 induceret,
1180 1151 1313 1213 quarum

96 1241 220 1306 dicendi
254 1241 408 1304 rationem
442 1240 632 1323 imitaretur,
673 1241 846 1325 pedestrem
886 1241 1058 1306 orationem
1092 1242 1131 1306 ad
1167 1263 1312 1307 versuum

95 1353 489 1450 altitudinemsustulisso,
512 1353 544 1416 id
568 1353 649 1437 quod
673 1360 781 1436 postea
802 1353 874 1417 inde
898 1354 937 1417 ab
960 1354 1094 1419 Isocrate
1117 1375 1173 1440 pro
1189 1375 1311 1420 summo

96 1467 171 1530 vitio
207 1466 390 1543 habebatur,
426 1466 464 1531 cl.
489 1467 584 1530 Arist.
608 1466 697 1530 lthet.
724 1465 789 1529 Γ8
818 1467 930 1550 ῥυθμὸν
958 1469 1004 1530 δεῖ
1030 1465 1109 1551 ἔχειν
1137 1469 1186 1530 τὸν
1214 1468 1310 1550 λόγον,

96 1579 199 1663 μέτρον
231 1581 264 1643 δὲ
292 1579 348 1663 μή·
383 1580 494 1663 ποίημα
521 1579 576 1662 γὰρ
599 1577 690 1643 ἔσται.
736 1578 872 1643 Demetr.
897 1580 935 1644 dc
958 1580 1033 1644 eloc.
1059 1579 1121 1643 118
1143 1581 1256 1666 ψυχρὸν
1279 1583 1311 1644 δὲ

96 1695 142 1758 καὶ
166 1695 199 1757 τὸ
224 1693 313 1777 μέτρα
339 1691 451 1756 τιθέναι
479 1698 601 1778 συνεχῆ,
629 1693 763 1777 καθάπερ
790 1693 872 1766 τινές,
902 1695 948 1755 καὶ
978 1694 1019 1776 μὴ
1049 1693 1231 1774 κλεπτόμενα
1254 1696 1311 1758 ὑπὸ

96 1811 145 1888 τῆς
169 1803 417 1891 acceptae-¹³⁰³)
439 1807 552 1890 ποιήμα
574 1805 628 1889 γὰρ
652 1805 767 1888 ἅκειρον
795 1803 917 1889 ψυχρόν.
966 1805 1050 1881 Quae
1074 1826 1143 1870 cum
1173 1806 1205 1870 in
1233 1806 1310 1872 alios

96 1927 161 1983 tum
185 1919 217 1983 in
242 1918 468 2004 Antiphontem
491 1918 617 1983 cadunt.

177 2031 206 2095 A
231 2032 406 2115 granditate
429 2032 618 2116 reliquorum
640 2033 885 2114 fragmentorum
908 2031 1042 2117 'paulum
1068 2032 1251 2098 descendere
1279 2057 1311 2098 re

94 2143 158 2228 ipsa
181 2151 305 2208 coactus
328 2149 375 2208 est
398 2143 430 2206 in
452 2145 490 2206 fr.
513 2143 565 2222 54,
594 2142 649 2206 ubi
676 2143 813 2207 fabulam
842 2163 927 2207 more
950 2143 1100 2208 Herodoti
1127 2144 1311 2228 simpliciter

95 2260 206 2334 narrat,
231 2275 421 2339 quamquam
444 2276 484 2319 ne
506 2255 538 2318 in
560 2254 620 2318 hac
642 2253 769 2338 quidem
798 2254 975 2318 narratione
1003 2275 1021 2317 a
1049 2256 1154 2336 liguris
1184 2257 1309 2320 omnino

94 2365 254 2429 abstinuit.
298 2365 341 2430 Ut
362 2365 472 2446 solent,
496 2365 622 2430 initium
646 2366 720 2429 lacit
743 2365 900 2445 narrandi,
924 2387 996 2428 cum
1019 2365 1108 2430 dicit:
1137 2363 1199 2428 ἔστι
1222 2366 1254 2429 δέ
1269 2391 1311 2435 τις

94 2473 185 2558 λόγος,
209 2477 251 2545 ὡς
267 2525 274 2540 .
292 2525 311 2554 .,
335 2477 373 2540 cf.
397 2476 523 2541 initium
546 2476 648 2560 griphi
665 2475 822 2560 popularis
838 2475 918 2544 οἶνός
933 2476 975 2544 τίς
990 2475 1077 2558 ἐστιν,
1101 2479 1143 2545 ὡς
1158 2477 1231 2561 ἀνήρ
1248 2482 1309 2540 κτλ.

94 2585 188 2650 Anth.
222 2565 400 2668 lyrsXXX
435 2586 499 2669 Cr.)
553 2587 744 2672 Antiquae
781 2587 1050 2670 simplicitatis
1089 2594 1135 2652 est
1170 2609 1207 2653 ex
1242 2588 1309 2673 ipsa

95 2696 268 2760 narratione
292 2698 424 2762 transire
447 2699 480 2761 in
504 2697 673 2762 orationem
691 2697 853 2780 directam,
878 2698 967 2761 cuius
982 2698 1027 2762 rei
1044 2699 1186 2783 exempla
1201 2699 1309 2764 attulit

94 2815 198 2872 auctor
219 2807 292 2872 libri
317 2807 387 2892 Περὶ
411 2810 504 2893 ὕψους
527 2807 722 2890 XXVll¹³¹).
768 2808 855 2872 Idem
879 2814 925 2871 est
942 2809 1146 2893 Antiphontis
1175 2831 1248 2874 usus
1275 2810 1306 2874 in

96 2919 127 2982 lr.
148 2919 205 2984 54:
230 2920 245 2982 ὁ
269 2918 291 2983 δ’
313 2919 399 2983 αὐτὸν
424 2920 541 2984 ἐκέλευε
565 2921 606 3003 μὴ
629 2919 799 3004 φροντίζειν,
822 2918 898 2982 ἀλλὰ
918 2919 1043 3002 νομίζειν
1060 2922 1142 3004 αὑτῷ
1158 2920 1232 2985 εἶναι
1248 2971 1255 2986 .
1273 2970 1305 2985 ..

89 3025 215 3099 ςποὶντονς
237 3029 292 3115 γὰρ
316 3029 374 3096 οὐδ’
401 3031 451 3096 ὅτε
474 3031 509 3118 ἦν
533 3029 587 3096 σοι’
615 3034 675 3095 κτλ.

176 3142 212 3206 ln
235 3143 509 3227 coniungendis
526 3150 630 3207 autom
647 3140 849 3205 sententiis
865 3140 971 3205 omnia
986 3143 1159 3225 fragmenta
1174 3143 1305 3208 eandem

93 3251 322 3337 simplicitatem
347 3254 505 3319 exhibent.
551 3254 658 3336 Neque
681 3253 764 3317 enim
790 3253 841 3317 via
864 3274 900 3317 ac
915 3253 1035 3317 ratione
1051 3253 1212 3339 Antiphon
1235 3276 1304 3338 pro-

93 3362 181 3443 cedit,
204 3363 259 3427 acd
281 3364 374 3429 rebus
398 3365 472 3450 ipsis
488 3363 577 3448 quasi
593 3385 685 3428 amne
708 3366 815 3428 lentur.
869 3364 1146 3428 Coniunctionibus
1172 3364 1214 3440 δέ,
1242 3366 1298 3444 καί,

92 3475 144 3560 γάρ
166 3475 339 3540 sententiae
361 3477 593 3557 continuantur,
618 3475 666 3538 cui
691 3475 735 3538 rei
758 3473 895 3538 maxime
918 3474 1103 3539 documento
1126 3482 1173 3538 ost
1194 3477 1231 3538 fr.
1253 3478 1303 3540 58.

175 3589 371 3670 Quamquam
405 3586 500 3669 igitur
533 3585 566 3649 in
601 3585 649 3650 his
689 3585 815 3669 quidem
855 3584 1036 3667 fragmentis
1075 3588 1303 3671 compositio

94 3696 272 3782 plerumque
306 3698 438 3782 simplex
472 3705 520 3761 est
553 3704 585 3761 et
617 3696 789 3782 perspicua,
824 3703 931 3760 tamen
964 3716 1200 3780 nonnumquam
1227 3699 1303 3781 figu-

179 3966 224 4034 180)
242 3965 275 4018 cl.
288 3963 474 4027 Wilamowitz,
493 3963 532 4016 De
545 3968 612 4031 trag.
627 3965 718 4017 Gracc.
731 3962 886 4033 fragmentis
899 3979 924 4032 p.
940 3963 971 4015 19
983 3979 1022 4032 sq.
1042 3962 1099 4016 lnd.
1114 3962 1200 4016 Schol.
1214 3963 1302 4018 Gcett.

95 4053 166 4109 1893.
187 4085 218 4094 -
238 4053 314 4108 Blass
335 4055 366 4106 A.
380 4053 410 4107 B.
430 4052 533 4106 11338.

178 4142 239 4207 raa)
258 4143 288 4196 Id
307 4143 395 4211 ipsum
420 4140 590 4196 statuendum
612 4157 670 4195 esse
689 4144 754 4210 puto
773 4141 806 4194 de
825 4141 994 4195 Antisthenis
1014 4140 1232 4195 declamationum
1251 4158 1300 4196 nu·

92 4232 166 4285 meris
185 4231 315 4297 iambicis,
340 4248 498 4301 quamquam
523 4231 600 4283 aliter
622 4229 723 4284 iudicat
740 4230 904 4300 Altweggius
924 4231 962 4301 (p.
976 4229 1030 4298 59),
1056 4247 1132 4298 quem
1152 4230 1301 4284 accuratius

91 4319 146 4374 illos
164 4336 290 4374 numeros
313 4336 372 4375 sero
396 4321 509 4389 cognovi
528 4319 683 4374 enucleasse
706 4320 735 4374 in
757 4318 825 4374 libro
845 4319 988 4373 Basilicnsi
1010 4319 1118 4372 ιΙοοοοοο
1142 4319 1196 4370 dom
1220 4338 1301 4372 samoe

90 4407 174 4472 (Basel
197 4408 275 4472 root)
294 4426 320 4478 p.
333 4409 367 4462 5‘2
379 4425 436 4478 sqq.

177 4497 221 4568 ¹³¹)
241 4497 273 4554 cl.
294 4497 402 4554 Norden
420 4497 436 4552 l.
451 4514 472 4552 c.
492 4513 518 4567 p.
531 4496 575 4552 38.
