3128 5124
738 344 951 408 „40-

231 517 345 600 Areop.
362 515 382 579 l.
399 537 492 601 supra
509 538 545 596 c.‚
569 515 616 580 Pl.
633 514 767 598 Euthyd.
784 512 932 598 280d⁹³),
957 515 987 578 id
1009 514 1090 598 quod
1107 514 1215 578 fabula
1229 514 1285 578 illa
1300 515 1464 599 Aesopica

232 628 474 710 demonstratur,
499 627 547 692 his
569 628 672 693 verbis
695 628 849 711 concepit:
877 629 892 690 t
914 628 1008 710 μῡδος
1028 629 1122 709 δηλοῖ,
1146 625 1190 688 ὅτι
1206 625 1289 689 οὐδὲν
1306 629 1325 709 ί,
1343 631 1461 710 κτῆσις,

232 739 282 802 ἐὰν
307 743 348 824 μὴ
372 741 390 823 ἡ
414 746 521 824 χρῆσις
544 745 655 824 προσῇ.
693 739 754 803 Sed
778 739 949 824 Antiphon,
974 741 1123 822 quoniam
1138 738 1279 802 fabulam
1295 739 1463 821 vulgarem

231 852 390 916 subtiliter
413 853 510 935 auxit,
535 867 571 917 ut
593 853 780 933 ostenderet,
805 872 867 934 qua
889 853 1010 915 ratione
1033 851 1166 935 pecunia
1190 851 1340 915 utendum
1363 858 1462 930 esset,

232 964 309 1028 haec
333 964 468 1030 addidit:
493 963 561 1028 ὅταν
571 964 611 1048 ⁹⁴)
633 966 688 1048 γὰρ
712 966 727 1027 ὁ
752 965 821 1032 θεὸς
845 965 885 1047 μὴ
910 967 1059 1032 παντελῶς
1075 964 1214 1048 βούληται
1230 965 1329 1045 ἀγαθὰ
1345 963 1462 1026 διδόναι

233 1076 324 1160 ἀνδρί,
347 1079 509 1160 χρημάτων
533 1080 657 1140 πλοῦτον
674 1079 847 1160 παρασχών,
871 1080 921 1138 τοῦ
938 1081 1055 1160 φρονεῖν
1071 1074 1177 1160 (deff)
1194 1075 1304 1157 πένητα
1320 1079 1463 1159 ποιήσας,

231 1189 264 1250 τὸ
294 1188 393 1271 ἕτερον
421 1187 603 1271 ἀφελόμενος
630 1189 805 1273 ἀμφοτέρων
833 1189 1040 1271 ἀπεστέρησεν.
1086 1188 1184 1252 Docet
1211 1189 1305 1270 igitur
1328 1189 1463 1253 divitias

231 1301 309 1366 nihil
334 1302 447 1384 valore,
472 1302 533 1366 nisi
558 1324 628 1365 cuni
651 1302 807 1385 sapientie
829 1303 1014 1365 coniunctae
1037 1302 1110 1381 sint,
1135 1323 1197 1385 qua
1219 1303 1283 1382 fiat,
1316 1313 1351 1365 ut
1374 1311 1464 1366 recte

230 1414 269 1477 iis
300 1416 414 1494 utaris,
449 1436 529 1499 quae
562 1413 729 1498 possideas.
775 1413 820 1477 of.
844 1415 986 1478 Democr.
1010 1415 1047 1478 fr.
1065 1415 1120 1478 ii:
1157 1414 1226 1482 δόξα
1256 1415 1304 1478 καὶ
1332 1417 1464 1482 πλοῦτος

233 1527 302 1589 ἄνευ
327 1527 453 1595 Ευνέσιος
477 1526 531 1590 οὒκ
553 1525 689 1610 ἀσφαλέα
711 1526 855 1608 κτήματα.
901 1527 946 1589 Cf.
971 1526 1076 1610 Eurip.
1100 1527 1137 1590 fr.
1157 1527 1228 1590 163.
1245 1526 1318 1590 237.
1364 1527 1464 1590 Simi-

232 1639 306 1702 liter
321 1639 468 1703 Prodicus
492 1640 618 1703 divitias
642 1639 758 1702 bonurn
781 1659 844 1702 non
869 1659 944 1717 esse,
969 1639 1028 1701 nisi
1052 1639 1122 1722 quis
1146 1640 1304 1723 sapienter
1326 1640 1364 1703 iis
1389 1649 1462 1702 ute·

231 1765 331 1825 retur,
361 1751 540 1835 exposuisse
567 1751 703 1815 traditur
725 1749 849 1834 print]
875 1751 966 1832 Eryx.
984 1749 1150 1834 39'ldsqq.
1200 1751 1327 1814 Vorsolr.
1351 1753 1389 1814 fr.
1409 1752 1460 1832 8):

231 1870 291 1933 τοῖς
315 1865 366 1943 μὲν
390 1868 490 1933 καλοῖς
513 1865 654 1946 κάγαθοῖς
678 1868 734 1925 τῶν
758 1865 925 1943 ἀνθρώπων
941 1864 989 1925 καὶ
1005 1868 1065 1931 τοῖς
1081 1863 1294 1944 ἐπισταμένοις,
1319 1863 1396 1927 ὅπου
1415 1867 1466 1926 δεῖ

230 1977 364 2060 χρῆσθαι
386 1980 446 2043 τοῖς
469 1977 612 2059 χρήμασι,
636 1975 747 2043 τούτοις
771 1976 823 2058 μὲν
846 1975 968 2056 αγαίλόν,
992 1979 1051 2043 τοῖς
1076 1976 1108 2037 δὲ
1138 1976 1305 2059 μοχθηροῖς
1331 1977 1381 2039 καὶ
1411 1977 1462 2038 ἀν-

232 2089 409 2170 επιστημοσι
426 2087 525 2151 κακόν.
549 2086 613 2172 ἔχει
629 2087 671 2166 δ’,
695 2086 764 2170 ἔφη,
787 2089 835 2150 καὶ
851 2087 943 2151 τᾶλλα
963 2091 1120 2172 πράγματα
1135 2089 1212 2151 οὗτοι
1229 2090 1337 2151 πάντα·
1361 2090 1462 2151 ὁποῖοι

230 2199 285 2283 γὰρ
318 2199 353 2262 ἄν
387 2222 460 2268 τινες
495 2201 566 2262 ὦσιν
600 2202 627 2262 οἱ
662 2203 826 2284 χρώμενοι,
861 2204 981 2262 τοιαῦτα
1016 2203 1063 2262 καὶ
1098 2200 1134 2263 τὰ
1168 2202 1324 2283 πράγματα
1358 2201 1461 2268 αὐτοῖς

233 2314 344 2395 ἀνάγκη
368 2311 451 2376 εἶναι.

317 2426 354 2488 ln
387 2427 422 2487 fi.
446 2425 488 2488 58
518 2424 678 2509 Antiphon
710 2433 831 2503 monet,
864 2446 903 2487 ne
932 2425 1001 2506 quis
1028 2425 1095 2509 spei
1122 2424 1255 2488 nocendi
1282 2425 1458 2508 indulgeat.

231 2536 318 2612 Quod
340 2537 367 2600 si
389 2537 505 2616 fecerit,
529 2537 591 2599 sibi
613 2538 679 2619 ipse
702 2537 839 2599 maxime
862 2536 1000 2601 nocebit:
1027 2536 1146 2604 ἐλπίδες
1168 2537 1222 2619 γὰρ
1246 2537 1279 2598 οὐ
1303 2541 1460 2623 πανταχοῦ

233 2647 358 2730 ἀγαθόν·
387 2648 513 2715 πολλοὺς
540 2648 594 2731 γὰρ
622 2653 751 2712 τοιαῦται
779 2649 894 2717 ἐλπίδες
922 2649 1081 2732 κατέβαλον
1110 2650 1151 2717 εἰς
1179 2649 1360 2733 ἀνηκέστους
1388 2673 1460 2732 συμ-

232 2763 323 2844 φοράς
340 2765 400 2823 κτλ.
437 2761 507 2824 Tali
531 2763 615 2824 enirn
638 2782 693 2846 spe
709 2761 851 2840 eflicitur,
876 2770 911 2825 ut
927 2761 1024 2824 animi
1042 2761 1230 2844 cupiditates
1246 2763 1461 2844 temperantia

232 2875 406 2959 superiores
430 2875 520 2956 fiant,
550 2876 588 2937 cf.
613 2874 717 2958 Eurip.
735 2875 845 2958 Suppl.
861 2875 990 2957 4l9sq.:
1015 2875 1096 2943 ἐλπὶς
1120 2876 1233 2959 βροτοῖς
1256 2878 1409 2951 κοίνιοτον,
1439 2877 1458 2958 ἣ

231 2988 342 3055 πολλοῖς
365 2986 464 3054 πόλεις
487 2985 609 3070 συνῆψ’,
634 2988 749 3069 ἄγουσα
771 2988 865 3068 θυμὸν
889 2989 930 3055 εἰς
954 2986 1126 3070 ὑπερβολάς.
1172 2988 1395 3072 Temperantia
1412 2997 1460 3053 est

233 3108 338 3163 autem
363 3101 439 3179 eius,
464 3101 519 3183 qui
541 3101 607 3183 spei
630 3101 762 3163 nocendi
785 3100 917 3163 obsistat
940 3108 970 3163 et
994 3100 1092 3163 animi
1107 3101 1285 3183 voluptates
1301 3111 1457 3164 coereeat:

233 3212 425 3295 σωφροσύνην
450 3213 481 3273 δὲ
506 3213 609 3296 ἀνδρὸς
633 3211 687 3274 οὐκ
710 3211 743 3274 ἂν
768 3211 855 3279 ἄλλος
879 3211 1035 3296 ὀρθότερόν
1058 3237 1099 3280 τις
1122 3213 1242 3296 κρίνειεν
1266 3237 1284 3294 η
1310 3213 1389 3280 ὅστις
1406 3219 1458 3277 τοῦ

232 3325 329 3406 θυμοῦ
359 3329 422 3391 ταῖς
444 3330 627 3408 παραχρῆμα
649 3325 767 3406 ἡδοναῖς
791 3323 953 3407 έρφροίσσει
977 3325 1064 3392 αὐτὸς
1087 3327 1191 3387 ἑαυτὸν
1216 3330 1328 3408 κρατεῖν
1353 3350 1384 3389 τε
1408 3327 1458 3389 καὶ

232 3441 312 3500 νικᾶν
345 3438 480 3521 ἠδυνήθη
514 3438 601 3506 αὐτὸς
629 3437 805 3520 ἑαυτόν.”“)
855 3438 968 3503 Contra
1002 3440 1055 3522 qui
1088 3439 1215 3503 libidini
1248 3440 1457 3524 obtemperat,

238 3575 438 3584 ...-—-—-

312 3643 355 3707 ³³)
376 3644 408 3695 V.
429 3645 537 3711 Heinze,
557 3644 704 3697 Comment.
723 3645 757 3696 ad
777 3645 880 3698 Lueret.
901 3661 928 3712 p.
943 3645 1001 3698 182.

326 3732 359 3799 94)
384 3730 435 3800 ὅτῳ
533 3732 650 3801 βούλεται
673 3733 818 3800 Souppius,
842 3735 982 3786 Dielesius.
1024 3737 1061 3804 τῷ
1159 3734 1276 3803 βούλεται
1298 3733 1372 3786 Stob.
1399 3734 1457 3787 flor.

241 3821 348 3884 ionio.
386 3819 446 3872 ὅταν
536 3821 657 3890 ponimur
679 3822 760 3884 icoo
780 3822 909 3884 Blassius,
935 3824 983 3875 iic
1008 3827 1033 3875 et
1057 3823 1146 3876 nativo
1170 3824 1238 3892 ονορι
1261 3827 1288 3874 et
1307 3825 1457 3876 sententiae
1540 3807 1541 3872 l

239 3910 323 3978 magis
344 3910 489 3975 convenire¹
505 3916 579 3977 puto.
616 3911 721 3962 Etenim
741 3912 861 3980 seqnitur
881 3915 942 3964 Aor.
960 3912 1097 3978 gnomious
1120 3911 1294 3980 ἀπεστέρησεν.

322 3997 355 4065 95)
376 4006 476 4068 φρονεῖν
495 3997 545 4062 (δὲ)
563 3996 650 4054 καλῶς
670 3997 812 4066 Souppius,
832 4004 876 4051 τοῦ
890 3998 976 4056 καλῶς
989 4007 1089 4069 φρονεῖν
1108 3999 1157 4063 (δὲ)
1176 3999 1336 4063 Dielesius²‚
1356 4009 1455 4068 φρονεῖν
1540 4059 1541 4072 η

234 4085 321 4143 καλῶς
340 4087 357 4138 l.
372 4103 393 4139 c.
415 4086 500 4150 1629.
538 4086 625 4144 καλῶς
645 4093 744 4156 φρονεῖν
766 4088 868 4155 104,19.
901 4089 997 4141 Nescio
1011 4104 1046 4140 an
1059 4089 1184 4141 adverbio
1205 4087 1290 4146 καλῶς
1310 4089 1454 4142 intextum

234 4174 373 4241 supposito
393 4173 420 4224 δὲ
440 4173 582 4241 expulsum
602 4175 645 4227 sit.

326 4261 371 4326 958)
390 4263 530 4330 Perperain
550 4263 620 4315 hunc
639 4262 725 4315 locum
746 4264 939 4331 interpretatus
960 4268 1000 4317 est
1018 4263 1062 4316 W.
1082 4263 1204 4318 Nestlcus
1225 4262 1286 4330 (Die
1306 4265 1451 4318 Vorsokrn·

234 4351 303 4402 tilier
331 4351 359 4403 in
377 4351 503 4404 Auswehl
527 4351 667 4404 iibersetzt.
706 4351 775 4403 Jena
796 4352 871 4404 1908.
902 4369 926 4419 ρ.
942 4353 994 4415 99).
1032 4353 1123 4419 Neque
1152 4355 1222 4405 enini
1250 4353 1279 4404 id
1307 4355 1452 4419 quaeritur,

234 4438 320 4504 qualis
341 4455 399 4492 esse
419 4439 515 4492 debeat
533 4440 565 4506 is,
589 4441 636 4504 qui
659 4440 691 4492 de
716 4439 825 4492 alterius
848 4441 1026 4507 temperantia
1049 4443 1196 4494 rectissime
1220 4441 1328 4504 iudicet,
1352 4443 1399 4494 sed
1419 4443 1451 4494 de
