3128 5124
236 519 503 601 δυστυχοῦντας
537 515 812 597 ἐπικουρεῖσθαι
847 513 885 578 ἐκ
921 519 988 576 τῦιν
1023 514 1271 598 εὐτυχούντων
1306 513 1362 576 διά
1396 515 1467 598 τὴν
1550 508 1551 552 ³

237 629 436 710 ἐπιμειξίαν
459 651 494 690 τε
518 630 574 691 καὶ
599 627 728 702 πίστιν,
753 627 827 710 άπερ
851 627 885 690 ἐκ
908 632 960 710 τῆς
982 626 1118 708 εὐνομίας
1139 628 1273 709 γίγνεται.
1296 625 1345 689 τόν
1368 649 1401 689 τε
1423 624 1468 689 αὐ

1550 585 1551 670 i

1550 675 1551 734 i

235 741 342 826 χρόνον
374 747 434 810 τοῖς
461 741 629 824 ἀνθρώποις
656 741 704 803 διὰ
732 740 784 822 τὴν
812 739 947 819 εὐνομίαν
971 741 1012 806 εἰς
1042 740 1094 822 μέν
1120 739 1157 802 τά
1184 741 1340 823 πράγματα
1371 740 1469 822 ἀργὸν
1550 749 1551 768 i

236 855 394 937 γίγνεσθαι,
424 855 464 921 εἰς
491 854 523 916 δὲ
551 853 586 915 τὰ
613 851 685 936 ἔργα
712 858 765 936 τῆς
794 856 872 935 ζωῆς
900 853 1056 936 ἐργάσιμον
1084 851 1139 934 (cf.
1166 853 1308 917 Democr.
1338 853 1374 916 sr.
1398 853 1472 916 250

237 967 296 1029 άπύ
320 965 457 1048 ὑμονοίης
479 965 515 1027 τὰ
538 967 651 1048 μεγάλοι
673 963 745 1047 ἔργα
768 967 841 1045 κτλ.)
866 1012 974 1030 .....
998 965 1034 1028 τά
1060 963 1088 1028 δ’
1110 964 1144 1028 ἐκ
1166 969 1219 1047 τῆς
1240 965 1363 1044 ἀνομίας
1385 966 1467 1029 κακὰ

238 1080 431 1162 ἀποβαίνοντα
462 1080 532 1142 τάδε
566 1077 657 1142 ἐστίν.
718 1077 841 1161 ἀσχολοι
871 1079 922 1157 μὲν
951 1084 1066 1161 πρῶτον
1094 1079 1120 1140 οἱ
1143 1077 1295 1160 ἀνθρωποι
1323 1077 1396 1159 πρὸς
1425 1077 1466 1140 τὰ

238 1189 308 1275 ἔργα
338 1191 478 1273 γίγνονται
505 1192 552 1254 καὶ
581 1191 783 1270 ἐπιμελοῦνται
811 1195 861 1254 τοῦ
890 1191 1085 1274 ἀηδεστάτου,
1107 1192 1285 1274 πραγμάτων
1314 1187 1378 1252 ἀλλ’
1407 1190 1467 1253 οὐκ

236 1302 339 1386 ἔργων,
362 1306 402 1367 τά
425 1327 461 1366 τε
484 1305 655 1388 χρήματα
678 1301 720 1366 δι’
749 1302 917 1366 ἀπιστίαν
940 1305 997 1368 καὶ
1021 1303 1184 1386 ἀμειΕίαν
1207 1303 1468 1386 ἀποθησαυρί-

240 1421 359 1496 ζουσιν
394 1415 468 1480 ἀλλ’
508 1417 546 1478 οὐ
580 1419 802 1494 κοινοῦνται,
837 1419 885 1478 καὶ
913 1415 1008 1484 οὑτως
1036 1418 1144 1479 σπάνια
1170 1416 1304 1497 γίγνεται,
1333 1415 1383 1478 ἐάν
1413 1418 1466 1479 καὶ

238 1529 333 1593 πολλά
354 1527 375 1613 ᾗ
398 1530 444 1612 (7,
471 1529 536 1592 1-3.
555 1529 633 1608 7-8).
656 1565 698 1573 -
722 1528 739 1590 ‘o'
765 1552 797 1590 τε
824 1527 953 1609 πόλεμος
981 1527 1091 1598 ἔξωθεν
1118 1531 1229 1610 μᾶλλον
1253 1529 1391 1610 ἐπάγεται
1413 1530 1467 1591 καὶ

239 1643 259 1726 ὴ
283 1643 396 1704 οἰκεία
419 1643 542 1710 στάσις
565 1642 624 1704 ἀπὸ
647 1645 699 1723 τῆς
722 1641 813 1723 αὐτῆς
834 1641 926 1710 αἰτίας
945 1645 1006 1704 κτλ.
1024 1641 1066 1718 (7,
1085 1642 1149 1722 10).
1195 1640 1346 1705 Videmus
1368 1640 1470 1724 igitur

239 1755 442 1836 Anonymum
470 1752 636 1817 Iamblichi
663 1753 748 1816 idem
774 1761 915 1837 spectare
942 1761 1037 1836 atque
1063 1752 1277 1817 Democritum
1311 1762 1343 1817 et
1368 1751 1468 1816 Anti-

239 1865 400 1950 phontem,
423 1873 459 1929 ut
482 1866 572 1949 copia
593 1866 649 1930 fiat
671 1865 716 1929 rei
739 1865 944 1946 nummariae,
968 1865 1075 1949 inopia
1097 1865 1268 1929 minuatur.
1324 1865 1406 1929 Nam
1429 1864 1467 1928 in

240 1978 299 2041 hac
321 1999 354 2041 re
378 1977 514 2040 maxime
538 1977 733 2041 concordiam
757 1976 892 2062 positam
915 1998 980 2040 esse
1004 1996 1043 2040 ne
1063 1977 1187 2040 Aeneas
1210 1977 1338 2060 quidem
1361 1977 1471 2040 Tecti-

241 2111 294 2154 ous
316 2091 448 2173 ignorat,
471 2089 524 2173 qui
548 2089 624 2152 talia
647 2099 812 2173 praecepta
834 2088 888 2153 dat
912 2089 951 2152 ad
974 2089 1057 2152 cives
1079 2089 1113 2153 in
1136 2090 1212 2153 urbe
1235 2090 1359 2153 obsessa
1380 2089 1470 2152 inter

241 2223 274 2266 se
297 2201 506 2266 conciliandos
532 2201 669 2284 (14,1):
697 2202 730 2264 τό
757 2202 790 2264 δὲ
818 2202 934 2284 πλῆθος
967 2206 1025 2263 τῶν
1060 2205 1186 2264 πολιτῶν
1220 2203 1262 2270 εἰς
1295 2201 1470 2284 ὑμόνοιαν

242 2313 315 2382 τέως
343 2317 468 2395 μάλιστα
494 2315 554 2396 χρὴ
583 2316 729 2397 προάγειν,
757 2313 856 2382 άλλοις
887 2336 918 2376 τε
958 2314 1139 2395 ὑπαγόμενοι
1177 2313 1284 2383 αὐτοὺς
1317 2316 1366 2377 καὶ
1398 2313 1472 2384 τούς

241 2425 461 2512 χρεωφειλέτας
483 2425 660 2509 κουφίζοντα
682 2425 776 2491 τόκων
800 2426 896 2510 βραχύ
919 2425 1033 2510 12³¹)ai
1058 2427 1134 2496 ὅλως
1162 2428 1351 2511 ἀφαιροῦντα,
1379 2427 1409 2490 ἐν
1432 2429 1470 2490 δὲ
1550 2455 1551 2490 ι

242 2545 301 2608 τοῖς
326 2539 387 2601 λίαν
411 2538 598 2606 ἐπικινδύνοις
621 2540 669 2602 καὶ
692 2545 750 2600 τῶν
775 2540 981 2623 ὀφειλημάτων
1004 2564 1031 2602 τι
1054 2539 1144 2623 μέρος
1165 2540 1184 2623 ἢ
1208 2541 1256 2603 καὶ
1279 2543 1373 2603 πάντα
1396 2539 1468 2602 όταν

244 2651 297 2734 δέη
312 2700 404 2715 .....
412 2700 419 2729 ,
436 2651 503 2719 τούς
514 2674 546 2713 τε
563 2650 593 2714 ἐν
606 2651 714 2734 ἀπορίᾳ
732 2649 816 2718 όντας
829 2657 887 2713 τῶν
901 2652 1063 2733 ἀναγκαίων
1077 2653 1119 2721 εἰς
1130 2652 1265 2734 εὐπορίαν
1282 2653 1468 2716 καθιστάναι.
1550 2678 1551 2692 ¹

330 2763 387 2826 His
411 2772 513 2828 autem
544 2763 744 2847 adiungimus
771 2765 939 2828 Isocratem
967 2765 1000 2828 in
1023 2764 1241 2849 Areopagitioo
1269 2764 1469 2829 concordiam

244 2874 437 2952 laudantem,
450 2883 545 2959 quam
557 2875 589 2939 in
603 2875 722 2960 optima
734 2876 887 2940 maiorum
899 2877 1026 2940 civitate
1038 2877 1178 2940 floruisse
1191 2877 1280 2958 fingit
1292 2876 1470 2958 (θλ-Βίης

245 2987 356 3070 οὐγὰρ
381 2986 467 3070 μόνον
492 2989 557 3071 περὶ
586 2993 643 3050 τῶν
671 2994 776 3050 κοινῶν
822 2990 1014 3071 ὡμονόουν,
1045 2988 1120 3051 ἀλλά
1147 2991 1195 3050 καὶ
1223 2989 1288 3071 περὶ
1315 2989 1364 3050 τδν
1396 2986 1470 3050 ’ίδιον
1550 3009 1551 3034 ι

246 3101 306 3184 βίον
330 3100 472 3183 τοσαύτην
496 3099 647 3162 ἐποιοῦντο
671 3101 840 3182 πρόνοιαν
869 3098 1090 3183 ἀλλήλων”),
1120 3099 1191 3184 όσην
1220 3123 1274 3182 περ
1303 3102 1363 3184 χρὴ
1399 3100 1471 3168 τούς

246 3211 279 3275 εὑ
300 3217 476 3294 φρονοῦντας
492 3215 540 3275 καὶ
557 3213 692 3294 πατρίδος
711 3217 929 3280 κοινωνοῦντας.
975 3213 1007 3275 οἵ
1024 3235 1055 3276 τε
1078 3212 1133 3295 γάρ
1149 3213 1316 3297 πενέστεροι
1338 3217 1397 3276 τῶν
1419 3237 1471 3274 πο·

245 3328 332 3388 λιτῶν
367 3330 503 3389 τοσοῦτον
539 3326 662 3408 ἀπεῖχον
697 3329 748 3387 τοῦ
783 3327 902 3408 φθονεῖν
937 3330 997 3394 τοῖς
1030 3326 1121 3388 πλείω
1156 3326 1358 3408 κεκτημένοις,
1391 3324 1465 3390 ὥσθ’

247 3438 381 3521 ὁμοίως
409 3439 670 3522 ἐκήδοντοτιῖιν
703 3437 808 3500 οίκων
841 3443 908 3500 τῶν
942 3440 1103 3522 μεγάλων
1131 3439 1251 3521 ὥσπερ
1285 3443 1353 3499 τῶν
1388 3459 1471 3522 σφε-

247 3551 358 3634 τέρων
381 3551 511 3625 αὐτῶν,
534 3551 732 3634 ἡγούμενοι
755 3551 814 3633 τὴν
838 3551 984 3614 ἐκείνων
1013 3550 1242 3633 εὐδαιμονίαν
1272 3551 1390 3618 αὑτοῖς
1417 3549 1473 3612 εὐ-

248 3662 374 3746 πορίαν
399 3663 587 3746 ὑπάρχειν·
638 3663 671 3725 οί
689 3687 720 3726 τε
751 3663 802 3733 τὰς
830 3663 928 3732 οὐσίας
956 3662 1074 3747 ἔχοντες
1102 3663 1158 3748 οὐχ
1186 3663 1268 3732 όπως
1295 3663 1472 3746 ὑπερεώρων
1550 3697 1551 3754 γ

247 3775 315 3843 τούς
343 3775 567 3857 καταδεέστερον
595 3777 782 3860 πράττοντας,
810 3772 874 3840 ἀλλ’
908 3776 1162 3859 ὑπολαμβάνοντες
1195 3776 1338 3860 αἰσχύνην
1373 3776 1474 3843 αὑτοῖς
1550 3755 1551 3824 θ

250 3887 399 3969 εἶναιτὴν
423 3892 481 3948 τῶν
505 3891 630 3951 πολιτῶν
654 3889 776 3972 ἀπορίαν
800 3889 977 3972 ἐπήμυναν
1000 3892 1062 3956 ταῖς
1085 3888 1217 3963 ἐνδείαις,
1240 3893 1300 3958 τοῖς
1317 3888 1369 3970 μὲν
1384 3911 1475 3970 γεωρ-
1550 3901 1551 3976 )

247 4000 310 4081 γίας
333 4000 380 4062 ἐπὶ
398 4000 525 4084 μετρίαις
548 4001 711 4081 μισθώσεσι
734 4003 949 4085 παραδιδόντες,
977 4000 1044 4069 τούς
1067 4001 1099 4064 δέ
1122 3998 1182 4064 κατ’
1210 4000 1350 4083 ἐμπορίαν
1367 3999 1472 4082 ἐκπέμ-

249 4134 360 4189 ποντες,
384 4113 444 4178 τοῖς
467 4109 488 4173 δ’
514 4113 554 4180 εἰς
578 4111 628 4179 τὰς
651 4111 741 4180 ἀλλοις
764 4112 899 4195 ἐργασίας
927 4111 1089 4194 ἀφορμὴν
1117 4111 1305 4196 παρέχοντες.
1350 4109 1384 4173 οὖ
1418 4112 1472 4194 γὰρ
1550 4093 1551 4162 θ

272 4291 274 4295 v
340 4267 371 4332 ³¹)
391 4268 586 4322 Kirchhoffius:
607 4267 747 4338 βραχύτητι
760 4268 836 4321 codd.
849 4269 1022 4336 Reliquorum
1041 4267 1202 4321 coniecturis
1217 4267 1359 4334 ((τῶιμὲν)
1378 4267 1474 4334 τόκων,
1550 4297 1551 4302 1

251 4354 332 4423 ὅλους,
351 4355 464 4425 ἀφιέντα,
483 4355 646 4420 καθιστάντα)
667 4355 753 4409 iocum
774 4356 945 4424 depravatum
966 4372 1026 4408 esse
1047 4361 1120 4423 pute.

341 4443 373 4510 3ἐ)
395 4444 487 4494 sociale
508 4444 640 4510 Fiirsorqc.
