3128 5124
746 417 960 480 ...42-

245 591 369 670 bantur,
392 589 533 654 doctrina
555 595 650 672 atque
672 587 870 654 institutione
892 588 1043 654 virtutem
1067 588 1241 674 comparari
1257 609 1346 673 posse
1361 588 1474 652 existi·

245 703 384 767 mebant.
418 700 483 766 Alii
506 699 654 765 virtutem
678 699 716 766 ad
741 699 997 765 exercitationem
1021 708 1053 765 et
1075 699 1334 766 consuetudinem
1356 701 1474 764 refere-

247 815 331 879 bant.
381 815 478 879 Erant
515 813 663 898 deniqne,
705 815 760 898 qni
799 835 868 879 eam
905 813 1032 878 omnino
1071 813 1246 898 comparari
1282 833 1345 876 non
1379 832 1475 898 posse

245 927 407 1004 sentirent,
431 926 485 991 sed
501 933 632 990 naturae
648 947 777 990 munere
792 925 971 990 hominibus
987 925 1158 1009 obtingere.
1187 926 1270 1001 Quas
1285 925 1474 1003 sententiaa,

247 1060 318 1104 cum
347 1037 401 1103 elii
429 1038 683 1102 exercitationem
709 1058 782 1102 cnm
815 1037 970 1118 doctrina,
1004 1037 1149 1102 nonnulli
1181 1057 1254 1100 cum
1280 1037 1407 1120 ingenio
1437 1057 1474 1098 ac

246 1157 359 1217 natura
381 1151 618 1234 coniungerent,
648 1149 686 1214 ad
710 1150 801 1229 duas,
830 1169 907 1233 quas
930 1170 1026 1234 supra
1049 1149 1305 1231 commemoravi,
1330 1148 1475 1231 redigere

246 1263 399 1328 solebant.
444 1263 558 1328 Omnia
580 1271 685 1327 autem
710 1261 828 1341 studia,
857 1263 922 1327 sive
947 1261 987 1326 ad
1009 1262 1127 1345 ingenii
1149 1260 1317 1326 facultates
1340 1261 1409 1326 sive
1434 1260 1475 1323 ad

246 1397 347 1441 mores
375 1375 560 1442 excolendos
583 1375 796 1460 pertinebant,
825 1375 951 1440 virtutis
975 1374 1077 1439 civilis
1100 1374 1268 1458 disciplina
1290 1409 1332 1420 -
1355 1394 1473 1458 parum

246 1489 459 1554 subtiliter-
477 1487 790 1573 comprehendebant.
823 1488 888 1552 Nec
910 1508 983 1552 vero
1000 1487 1141 1568 deerant,
1166 1487 1307 1570 quicum
1323 1494 1474 1550 naturam

245 1601 384 1684 reginam
419 1621 486 1665 esse
519 1600 637 1664 vellent
668 1600 851 1685 nullamque
883 1599 1008 1664 traditis
1039 1600 1257 1664 auctoritatem
1285 1598 1409 1681 legibus
1438 1617 1474 1660 ac
1540 1589 1541 1592 '

247 1714 386 1778 moribus
413 1713 598 1794 tribuerent,
625 1713 674 1776 ius
702 1732 793 1777 omne
819 1713 854 1776 in
880 1712 1000 1776 viribus
1027 1733 1062 1777 ac
1089 1711 1293 1776 facultatibus
1316 1717 1477 1774 enatura

247 1826 328 1890 datis
351 1825 529 1911 ponendum
553 1845 618 1890 esse
642 1832 812 1890 censerent.
850 1825 960 1907 ltaque
982 1824 1132 1890 virtutem
1149 1823 1273 1889 civilem
1290 1831 1475 1908 respuentes

247 1960 371 2004 summo
394 1938 506 2024 cuique
529 1937 655 2020 ingenio
678 1937 784 2002 omnia
807 1937 990 2002 tribuebant
1012 1947 1044 2001 et
1066 1937 1297 2001 validissimum
1314 1953 1475 2019 quemque
1540 1935 1541 1968 r

247 2051 371 2134 ingenio
395 2058 489 2134 atque
511 2071 570 2114 usu
593 2049 632 2114 ad
656 2049 873 2134 imperandum
895 2050 1043 2115 idoneum
1067 2050 1133 2113 fieri
1151 2049 1337 2113 sentiebant.
1374 2047 1476 2111 Cuius

247 2163 421 2228 sententiae
447 2183 630 2247 praeconem
658 2162 747 2227 Plato
772 2162 931 2226 Calliclem
959 2162 1082 2228 inducit
1103 2163 1157 2244 (cf.
1181 2162 1270 2244 Gorg.
1287 2160 1391 2225 asca:
1422 2160 1474 2221 ἐὰν

249 2275 281 2338 δέ
302 2299 337 2357 γε
352 2324 360 2338 .
376 2321 384 2337 .
401 2274 485 2358 φύσιν
509 2276 610 2357 ἱκανὴν
633 2273 750 2358 γένηται
773 2272 852 2360 ἔχων
876 2274 949 2359 ἀνήρ
974 2278 1035 2338 κτλ.
1081 2274 1172 2340 484(1
1195 2320 1201 2337 .
1222 2273 1305 2358 ,χρὴ
1330 2271 1474 2354 ἔμπειρον

248 2387 321 2450 εἶναι
338 2437 345 2450 .
362 2438 369 2450 .
394 2388 430 2450 cf.
455 2387 516 2450 An.
533 2386 645 2450 Iambl.
661 2387 766 2468 6,2sq.
791 2386 890 2470 tm).
1540 2459 1541 2478 ,

335 2499 467 2564 Plurimi
490 2505 608 2572 autem,
627 2497 692 2563 etsi
714 2506 860 2562 naturum
884 2497 994 2562 ducem
1017 2497 1209 2582 sequendum
1231 2519 1298 2562 esse
1319 2496 1475 2562 cumillis
1540 2533 1541 2536 =

249 2611 498 2691 consentiebant,
538 2619 645 2675 tamen
685 2631 793 2675 omnes
827 2611 935 2675 eodem
969 2612 1036 2675 inre
1070 2618 1161 2676 natos
1195 2631 1261 2675 esse
1294 2611 1355 2674 rati
1389 2609 1474 2692 leges

249 2723 446 2806 metuendas,
475 2744 576 2788 mores
605 2723 773 2788 servandos
796 2743 863 2787 esse
886 2721 1091 2804 volebant⁹⁶).
1137 2723 1181 2787 Ut
1202 2723 1299 2806 igitur
1320 2722 1474 2787 virtutem
1540 2731 1541 2764 1

249 2837 374 2901 civilem
397 2836 526 2921 plurimi
549 2835 768 2915 aestimabant,
793 2835 838 2900 ita
861 2836 1039 2900 educationi
1063 2857 1099 2899 ac
1119 2835 1278 2901 doctrinae
1298 2835 1472 2908 maximam

250 2949 368 3013 dabant
380 2970 514 3034 operam.
539 2950 626 3013 Inter
638 2970 689 3014 eos
701 2956 818 3029 autem,
836 2948 891 3032 qni
903 2948 1028 3014 virtutis
1040 2948 1203 3032 magistros
1218 2969 1251 3012 se
1263 2968 1329 3011 esee
1344 2948 1473 3032 profite-
1540 2955 1541 3036 1

250 3063 379 3140 bantur,
403 3062 541 3125 maxime
563 3061 692 3126 florebat
715 3062 912 3143 Protagoras,
941 3062 1029 3125 cuius
1053 3060 1220 3145 disciplina
1243 3059 1345 3144 qualis
1367 3058 1473 3138 fuerit,

250 3196 321 3237 cum
345 3196 384 3238 ex
407 3173 477 3237 aliis
500 3174 663 3258 perpaucis
686 3173 876 3236 testimoniis
899 3181 966 3236 tum
983 3194 1022 3237 ex
1037 3173 1177 3237 Platonis
1193 3172 1315 3254 dialogo
1332 3168 1474 3250 intellegi

251 3293 363 3370 potest.
410 3286 539 3351 Constet
566 3285 744 3364 Platonem,
774 3306 844 3348 oum
872 3285 962 3348 illum
991 3285 1029 3349 de
1056 3285 1241 3350 educatione
1268 3285 1473 3348 disserentem
1540 3339 1541 3350 .

250 3397 428 3472 induceret,
462 3419 617 3482 exponere
645 3397 781 3461 voluisse
808 3397 978 3482 sophistam
1006 3399 1149 3463 notiones
1176 3419 1279 3462 rerum
1306 3417 1370 3461 non
1397 3395 1475 3460 satis

252 3510 341 3573 firme
373 3509 478 3573 animo
507 3518 671 3594 conceptas
699 3531 755 3574 nec
782 3509 876 3594 plane
903 3519 1081 3596 perspectas
1107 3511 1230 3575 habere.
1275 3511 1473 3592 Quamquam
1540 3499 1541 3590 1

252 3621 348 3702 igitur
362 3622 533 3706 sophistam
557 3622 680 3708 saepius
703 3621 875 3707 pugnantia
898 3622 1079 3705 loquentem
1101 3621 1234 3704 facit⁸'),
1258 3628 1364 3685 tamen
1379 3620 1474 3684 ratio·
1540 3599 1541 3680 1

252 3755 324 3797 nem
356 3734 423 3798 eius
454 3734 606 3816 integram
633 3735 667 3799 in
695 3734 779 3798 hunc
806 3734 935 3798 modum
957 3735 1082 3798 restitui
1105 3756 1194 3819 posse
1217 3741 1304 3820 puto.
1348 3732 1471 3797 Etenim
1540 3725 1541 3728 '

343 3974 376 4042 ⁹⁶)
397 3975 429 4028 cf.
448 3977 499 4028 An.
520 3975 612 4030 Iambl.
633 3976 741 4044 6,1sq.:
772 3970 816 4027 τόν
839 3993 866 4028 τε
889 3975 966 4044 νόμον
989 3977 1032 4028 καὶ
1056 3975 1085 4028 τὸ
1108 3976 1206 4028 δίκαιον
1228 3975 1400 4046 ἐμβασιλεὺειν
1423 3980 1474 4030 τοῖς

254 4062 398 4134 ἀνθρώποις
417 4064 460 4116 καὶ
479 4063 579 4134 οὐδαμῇ
603 4069 756 4133 μεταστῆναι
780 4063 810 4116 ἂν
835 4063 911 4116 αὐτά·
943 4062 1015 4132 φύσει
1038 4065 1084 4134 γὰρ
1109 4065 1199 4136 ἰσχυρᾷ
1222 4063 1362 4118 ἐνδεδέσθαι
1384 4069 1473 4116 ταῦτα.
1540 4067 1541 4080 ’

254 4153 293 4206 cf.
308 4152 376 4218 r,14.
396 4181 429 4190 -
448 4152 487 4204 rr.
513 4153 583 4205 Prot.
607 4151 682 4205 aare
705 4153 878 4220 Protagoras:
906 4151 1030 4205 austera
1051 4155 1106 4222 γάρ,
1130 4154 1207 4221 aaa,
1230 4153 1290 4223 ἡμῖν
1313 4154 1330 4223 s,
1354 4151 1473 4221 erupta

254 4239 398 4308 δικαιοσύνη
419 4241 462 4292 καὶ
482 4240 566 4310 ἀρετή.
592 4269 623 4278 -
648 4240 710 4291 Eur.
730 4239 822 4307 Suppl.
842 4240 906 4292 312:
931 4240 959 4291 τὸ
979 4242 1082 4309 γάρτοι
1102 4241 1206 4314 συνέχον
1226 4241 1370 4310 ἀνθρώπων
1390 4240 1473 4296 πόλεις
1540 4223 1541 4300 1

253 4324 406 4398 rotr’iob’,
434 4325 492 4378 ὅταν
516 4345 554 4383 τις
572 4328 630 4383 τοὺς
648 4326 739 4395 νόμους
763 4325 830 4396 σῴζῃ
855 4325 950 4384 καλῶς.
992 4327 1121 4379 Similiter
1141 4331 1191 4380 An.
1210 4327 1372 4395 Iambl.3,6:
1398 4331 1471 4380 τοῦτο
1540 4313 1541 4404 1

254 4417 300 4485 γὰρ
319 4417 364 4472 τάς
382 4434 409 4467 τε
428 4413 513 4472 πόλεις
531 4415 651 4472 καὶτοὺς
670 4411 820 4483 ἀνθρώπους
838 4413 867 4466 τὸ
888 4413 1026 4474 cunctatior
1046 4416 1088 4466 acl
1107 4414 1135 4466 τὸ
1155 4416 1259 4484 συνέχον
1279 4417 1348 4468 εἶναι.
1540 4405 1541 4492 1

343 4503 376 4572 97)
398 4504 468 4572 quod
487 4504 636 4557 accuratius
657 4502 784 4570 exposuit
803 4502 975 4571 Gomperzius
994 4503 1012 4554 1.
1027 4518 1048 4555 c.
1068 4503 1112 4554 11²
1130 4503 1179 4555 251
1192 4518 1249 4572 sqq.
