3128 5124
608 388 822 451 ..25-

100 558 221 636 Quodsi
245 566 335 623 vetus
359 566 406 622 est
428 558 483 622 illa
506 558 688 622 concordiae
712 579 731 622 a
753 558 881 622 civitate
904 558 943 621 ad
967 559 1064 624 animi
1091 566 1195 644 partes
1223 566 1324 623 trans-

100 671 194 752 latio,
228 671 293 735 iam
326 671 406 735 nihil
439 670 586 755 impedit,
620 670 787 753 quominus
822 671 929 735 eadem
970 671 1011 736 sit
1044 671 1206 756 Antiphon
1240 691 1323 735 usus.

100 785 208 868 Atque
230 783 263 847 id
287 783 406 867 reliqua
428 820 470 828 —
494 805 574 867 quae
596 803 678 848 nunc
701 783 883 847 summatim
906 783 1110 866 attingemus,
1140 791 1248 869 postca
1276 805 1324 846 ac·

99 897 243 960 curatius
266 896 495 980 explicabimus
517 933 559 942 -
582 896 650 981 ipsa
673 895 813 976 indicant
835 897 1018 979 fragmenta,
1042 919 1058 961 e
1087 897 1201 980 quibus
1229 918 1324 982 appa·

99 1009 184 1073 rebit
220 1007 391 1092 sophistam
420 1009 555 1073 similem
590 1008 748 1092 quandam
781 1016 922 1073 secutum
957 1029 1023 1073 esse
1050 1009 1204 1073 rationem
1231 1017 1325 1092 atque

100 1120 326 1187 Democritum.
1048 1133 1050 1138 '

191 1233 228 1297 ln
262 1235 298 1297 fr.
333 1232 375 1296 49
408 1233 492 1297 vitae
530 1232 705 1314 molestias,
741 1233 876 1316 coniugii
914 1233 1112 1297 incommoda
1151 1242 1322 1298 enumerat.

97 1349 322 1429 Quaecumque
356 1345 440 1409 mala
468 1345 603 1409 inveniri
629 1353 774 1429 possunt,
803 1346 893 1431 quasi
920 1345 961 1408 ad
987 1346 1196 1410 accusandam
1223 1346 1322 1410 vitam

96 1480 174 1523 eum
201 1458 375 1544 protulisse,
402 1458 505 1522 nescio
533 1479 574 1520 an
596 1478 635 1520 ex
664 1459 699 1521 fr.
728 1459 768 1521 51
800 1459 938 1522 conicere
960 1458 1067 1522 liceat:
1091 1457 1322 1542 εὐκατηγόρητος

97 1573 198 1639 πᾶςὸ
226 1571 302 1651 βίος,
331 1569 392 1654 (καὶ
420 1569 449 1654 ὁ>
478 1571 657 1651 θαυμαστῶς
684 1570 772 1653 erl)
802 1572 956 1654 partcipem,
985 1573 1033 1634 aad
1061 1572 1145 1634 οὐδὲν
1174 1569 1320 1655 ἔχωνωί)

97 1685 234 1768 περιττὸν
257 1683 326 1746 οὐδὲ
356 1683 429 1766 μέγα
456 1685 504 1746 καὶ
532 1683 652 1764 σεμνόν,
681 1683 756 1745 ἀλλά
783 1685 876 1746 πάνια
904 1683 1011 1766 σμικρὰ
1038 1685 1086 1747 καὶ
1114 1685 1246 1767 ἀσθενῆ
1275 1690 1322 1750 καὶ

94 1798 335 1882 ὀλιγοχρόνια
369 1799 417 1860 καὶ
445 1797 736 1879 ἀναμεμειγμένα
768 1796 893 1864 λύπαις
922 1798 1102 1878 μεγάλαις.
1153 1798 1216 1862 Nec
1250 1819 1320 1862 vero

97 1910 140 1973 ad
166 1917 265 1974 artem
288 1909 446 1993 quandam
475 1910 712 1974 consolatoriam
739 1909 861 1993 (τέχνην
890 1910 1042 1992 ἀλυπίας),
1072 1919 1107 1973 ut
1135 1910 1322 1975 Buroschius

97 2022 261 2105 voluit⁵¹),
285 2022 361 2086 haec
383 2024 558 2106 fragmenta
580 2029 654 2086 sunt
681 2023 852 2087 referenda.
898 2023 979 2086 Nam
1005 2023 1082 2087 satis
1110 2022 1229 2087 incerta
1256 2031 1319 2088 tra·

95 2135 186 2198 ditur
208 2133 300 2197 huius
322 2133 395 2198 libri
419 2132 626 2216 memoria⁵'),
651 2155 744 2217 quem
760 2134 886 2200 omniuo
904 2135 1048 2218 ignorant
1063 2135 1272 2217 Hermogenes
1283 2133 1321 2219 ⁵⁸)

95 2255 129 2310 et
153 2242 371 2310 Philostratus.
416 2247 553 2322 Quorum
578 2246 615 2311 de
637 2247 842 2332 Antiphontis
865 2248 989 2311 dicendi
1012 2269 1122 2330 genere
1145 2247 1262 2312 iudicia
1281 2249 1319 2312 ad

92 2359 194 2422 libros
217 2357 289 2441 Περὶ
312 2359 452 2442 ἀληθείας
470 2368 501 2422 et
530 2357 599 2441 Περὶ
627 2359 763 2437 ὁμονοίας
790 2361 955 2443 pertinent.
1001 2359 1106 2442 Atque
1134 2360 1166 2423 id
1200 2362 1319 2444 ipsum,

94 2471 180 2554 quod
207 2472 364 2556 proprium
388 2493 454 2535 esse
477 2471 548 2534 libri
573 2471 643 2554 Περὶ
668 2471 804 2552 ὁμονοίας
835 2472 1040 2536 Philostratus
1069 2472 1155 2553 dicit,
1184 2473 1217 2535 in
1245 2473 1320 2537 haec

97 2582 187 2646 cadit
209 2582 396 2666 fragmenta:
420 2586 668 2666 σοιριστικώτατος
690 2585 723 2646 δὲ
746 2585 761 2646 ὁ
781 2578 875 2666 Ὓπὲρ
898 2589 950 2666 τῇς
973 2585 1109 2667 ὁμονοίας
1131 2585 1186 2668 (sc.
1211 2585 1321 2669 λόγος),

94 2695 128 2757 ἐν
152 2691 179 2778 qi
212 2695 405 2777 γνωμολογίαι
432 2719 464 2758 τε
490 2697 621 2779 λαμπραὶ
649 2698 696 2759 καὶ
724 2695 878 2780 φιλόσοφοι
907 2702 998 2780 σεμνή
1026 2720 1057 2760 τε
1085 2699 1244 2780 ἀπαγγελία
1272 2699 1321 2761 καὶ

99 2807 304 2891 ἐπηνθισμένη
328 2812 487 2892 ποιητικοῖς
510 2807 633 2887 ὀνόμασι
656 2808 777 2891 κτλ.“).
823 2809 884 2873 Sed
908 2810 946 2873 de
969 2811 1117 2875 orationis
1145 2811 1320 2893 granditate

95 2927 215 3006 postea.
263 2921 342 2998 Quid
366 2928 469 2984 autern
494 2921 656 3005 Antiphon
680 2921 858 2986 hominibus
887 2923 918 2985 in
947 2923 1005 2988 hac
1028 2932 1116 2986 tanta
1139 2944 1243 2987 rerum
1266 2923 1320 2986 hu·

97 3053 265 3095 manarum
285 3033 453 3115 fragilitate
470 3042 500 3096 et
516 3034 696 3097 infirmitate
712 3033 890 3097 faciendum
906 3054 970 3097 esse
987 3040 1086 3115 putat,
1110 3042 1145 3097 ut
1166 3043 1317 3118 quantum

12 3205 16 3212 .
92 3145 161 3208 fieri
184 3145 283 3227 possit
306 3145 394 3209 beate
417 3146 544 3209 vivant?
591 3146 809 3210 Duemmlerus
834 3166 908 3209 euru
930 3147 1064 3210 miseriis
1091 3146 1175 3210 vitae
1203 3146 1318 3210 adduc·
1417 3193 1421 3200 .

92 3353 182 3411 αὐτοῖς
206 3353 381 3424 μοναρχίαν
405 3351 480 3405 educa
504 3352 638 3421 ποιητικήν
660 3353 832 3416 (Vorsok.²1
860 3354 892 3405 14
911 3353 968 3406 Bt
992 3353 1131 3420 ploret).
1174 3353 1217 3406 Sic
1240 3353 1317 3407 Plato

94 3441 274 3494 similitudine
294 3439 473 3509 reipublicae
493 3444 587 3508 utitur,
610 3447 684 3495 utet
704 3444 821 3510 corporis
841 3449 866 3494 et
885 3444 967 3495 animi
986 3442 1164 3496 valetudinem
1184 3443 1317 3496 describat

91 3533 172 3598 (llep.
192 3528 277 3594 rard,
301 3527 333 3581 cf.
359 3545 426 3596 quae
451 3529 642 3596 Eryximachus
667 3532 777 3596 exponit
800 3530 828 3581 in
852 3530 941 3598 Symp.
969 3531 1058 3593 1860).
1104 3530 1169 3583 Nam
1193 3532 1316 3584 virtutem

95 3619 194 3668 bonam
215 3616 296 3668 animi
315 3615 504 3682 valetudinem,
528 3633 596 3684 quac
616 3615 758 3669 concordia
782 3617 896 3684 partium
921 3619 1097 3683 contineatur,
1121 3619 1317 3686 improbitatem

93 3704 217 3758 morbum
243 3718 310 3770 csse,
333 3720 401 3772 quae
425 3721 458 3757 cx
478 3705 610 3756 discordia
633 3706 747 3772 partium
772 3705 881 3770 oriatur,
906 3705 982 3758 docet
1007 3707 1073 3774 Rep.
1092 3706 1216 3775 444bsq.
1236 3707 1317 3760 anna.

94 3793 163 3846 Item
180 3792 317 3859 Epicurus,
337 3793 360 3844 si
379 3793 497 3860 corporis
517 3793 614 3845 morbis
633 3792 703 3845 vitae
723 3793 875 3846 iucunditas
894 3794 1061 3862 impediatur,
1081 3810 1112 3847 eo
1134 3795 1217 3864 magis
1236 3796 1318 3847 enimi

94 3879 196 3932 morbis
226 3894 282 3930 eam
311 3878 444 3948 impediri,
473 3879 555 3932 animi
581 3884 667 3932 autem
692 3881 797 3933 morbos
822 3881 980 3947 cupiditates
1007 3898 1066 3934 esse
1095 3882 1167 3946 dicit,
1196 3898 1264 3950 quae
1289 3883 1317 3935 in

92 3967 192 4020 animis
212 3967 331 4019 inclusae
350 3967 420 4019 inter
439 3983 466 4020 se
486 3966 638 4019 discordent
657 3966 699 4028 (cl.
720 3966 773 4019 Cic.
794 3968 826 4019 de
845 3967 890 4020 tin.
910 3969 921 4020 l
944 3968 1026 4032 18,59.
1050 3969 1142 4032 lent).

187 4055 220 4118 ⁵⁰)
240 4053 386 4107 Dielesiusr
407 4053 442 4112 ὡς
462 4055 594 4124 [μακάριε]
614 4054 743 4119 Blassius,
763 4053 917 4124 θαυμαστῶς
936 4057 958 4108 ὢ
981 4059 1090 4128 μαιιάριε
1109 4057 1185 4110 codd.

184 4141 211 4176 ⁵⁰
220 4145 244 4205 ⁸)
264 4141 316 4214 ἔχει
335 4143 448 4196 coniecit
467 4143 692 4197 Wilamcwitzius.

184 4229 220 4296 ⁵¹)
240 4231 257 4282 l.
272 4247 294 4284 c.
315 4247 341 4298 p.
355 4231 398 4284 83.

184 4317 220 4383 ⁵²)
241 4318 334 4384 [Plut]
355 4319 408 4372 Via
427 4320 454 4372 X
474 4327 538 4374 orat·
561 4322 571 4373 l
594 4336 621 4387 p.
635 4319 716 4373 8330.
754 4321 864 4373 Vorsolr.
883 4321 918 4374 80
936 4322 959 4372 A
979 4322 994 4373 6
1014 4321 1142 4387 (taoni).

188 4403 222 4471 ⁵³)
242 4405 366 4475 Hermog.
386 4406 419 4460 de
438 4407 506 4460 ideis
525 4407 549 4459 Il
572 4408 637 4472 ll,l.
649 4407 672 4460 9.
712 4408 822 4460 Vorsolr.
841 4407 876 4460 80
895 4410 918 4461 A
938 4407 954 4460 2
974 4408 1099 4474 (58730).

188 4491 222 4559 ⁵⁴)
242 4493 275 4544 V.
294 4493 374 4562 Soph.
394 4493 406 4546 l
428 4495 494 4561 15,4.
533 4495 645 4548 Vorsolr.
664 4495 699 4547 80
718 4495 740 4547 B
758 4495 814 4547 aaa
832 4495 959 4562 (59l,l9).
