3128 5124
608 382 822 445 ..Ῑῖ-

100 553 237 618 ἐδέδισαν
262 553 302 636 μὴ
327 555 405 615 δυοῖν
429 553 551 635 θάτερον
581 551 742 636 [πάθοιεν],
770 554 790 636 ἢ
818 555 934 616 πάντων
962 555 1141 637 στερηθεῖεν,
1174 553 1193 638 ἦ
1228 555 1323 618 πολλὰ

99 667 257 748 πράγματα
280 665 402 749 σχόντες
425 663 511 748 μέρος
541 687 567 727 τι
594 665 762 745 κομίσαιντο
789 671 846 727 τῶν
875 666 1073 749 προεθέντων·
1119 663 1179 730 ἀλλ’
1213 667 1324 746 ὁμοίως

100 779 246 862 ἐθάρρουν
275 779 340 861 περὶ
368 784 426 840 τῶν
454 775 510 846 ἔξω
538 776 701 858 δεδομένων
730 779 830 862 ὥσπερ
864 779 929 861 περὶ
963 784 1021 841 τῶν
1055 775 1137 842 ἔνδον
1170 780 1321 862 κειμένων.

100 893 204 974 ἑώρων
226 893 280 973 ηάρ
304 890 371 958 τοὺς
394 892 534 973 περὶτῶν
551 891 737 974 συμβολαίων
754 892 900 975 κρίνοντας
918 891 1032 960 οὐταῖς
1052 890 1221 961 ἐπιεικείαις
1241 916 1321 977 χρω-

98 1003 222 1085 μένους,
245 1004 319 1066 ἀλλά
344 1007 418 1071 τοῖς
447 1002 568 1082 νόμοις
596 1005 850 1085 πειθομένους,
884 1003 942 1068 οὐδ’
975 1005 1005 1066 ἐν
1039 1009 1100 1074 τοῖς
1132 1009 1189 1068 τῶν
1224 1005 1321 1069 ἄλλων

98 1118 209 1199 ἀγῶσιν
238 1117 337 1185 αὑτοῖς
364 1116 472 1180 ἀδικεῖν
501 1116 633 1184 ἐξουσίαν
661 1119 944 1198 παρασκευάζοντας,
972 1117 1047 1179 ἀλλά
1076 1120 1186 1196 μᾶλλον
1215 1118 1322 1201 δρηιζο-

99 1230 204 1308 μένους
227 1235 287 1297 τοῖς
310 1229 520 1312 ἀποστεροῦσιν
544 1229 641 1292 αὐτῶν
670 1235 727 1292 τῶν
756 1229 971 1312 ἀδικουμένων,
1001 1233 1050 1293 καὶ
1076 1231 1246 1310 νομίζοντας
1273 1233 1321 1295 διὰ

97 1342 167 1411 τοῦς
189 1341 320 1405 ἄπιστα
342 1341 377 1404 τὰ
402 1343 566 1426 συμβόλαια
593 1347 746 1412 ποιοῦντας
775 1343 865 1423 μείζω
894 1343 1075 1426 βλάπτεσθαι
1101 1344 1169 1412 τοῦς
1195 1343 1321 1428 πένητας

96 1463 157 1518 τῶν
180 1455 274 1517 πολλὰ
296 1454 496 1538 κεκτημένων·
522 1455 589 1523 τοῦς
606 1456 657 1537 μὲν
672 1457 737 1537 γάρ,
760 1455 797 1538 ἦν
821 1455 990 1519 παύσωνται
1006 1456 1182 1540 προιέμενον,
1207 1461 1318 1541 μικρῶν

96 1567 251 1650 προσόδων
275 1568 541 1651 ἀποστερήσεσθαι,
565 1568 631 1636 τοὺς
654 1566 675 1630 δ’
703 1568 738 1650 ἢν
763 1567 937 1652 ἀπυρήσωσι
960 1574 1017 1630 τῶν
1041 1569 1255 1652 ἐπαρκοῦντων,
1279 1571 1321 1638 εἰς

96 1683 151 1764 τὴν
174 1682 302 1765 ἐσχάτην
319 1679 428 1744 ἔνδειαν
452 1682 697 1764 καταστήσεσθαι.
736 1683 784 1744 καὶ
800 1683 854 1764 γάρ
870 1706 914 1744 τοι
930 1681 976 1744 διά
993 1683 1045 1764 τὴν
1067 1685 1187 1766 γνώμην
1211 1682 1320 1765 ταότην

96 1793 218 1862 οὐδεὶς
241 1792 310 1856 οὔτ’
349 1793 596 1876 ἀπεκρύπτετο
625 1794 687 1876 τὴν
715 1793 836 1856 οὐσίαν
869 1792 935 1857 οὔτ’
968 1795 1074 1858 ὤκνει
1104 1795 1320 1878 συμβάλλειν

95 1905 159 1970 ἀλλ’
188 1909 270 1990 ηδιον
298 1907 400 1989 ἑώρων
430 1906 497 1974 τοὺς
525 1905 746 1990 δανειζομένους
772 1907 792 1989 ἢ
822 1906 888 1974 τοῦς
916 1905 1116 1975 ἀποδιδόντας.
1166 1906 1320 1991 ἀμφότερα

93 2021 151 2104 γάρ
180 2019 278 2088 αὐτοῖς
305 2019 471 2104 συνέβαινεν
506 2020 581 2102 άπερ
615 2018 649 2081 ἀν
684 2021 857 2103 βουληθεῖεν
891 2019 1043 2103 άνθρωποι
1081 2023 1148 2082 νοῦν
1186 2019 1319 2105 ἔχοντες·

94 2135 168 2216 ἅμα
189 2132 253 2216 ηάρ
277 2132 355 2202 τοός
370 2156 406 2195 τε
422 2132 571 2200 πολίτας
593 2132 755 2216 ὠφέλουν
771 2134 828 2196 καὶ
851 2131 892 2195 τὰ
908 2131 1044 2216 σφέτερ’
1065 2133 1181 2196 αὐτῶν
1198 2135 1320 2216 ἐνεργὰ

93 2246 328 2309 καθίστασαν·
374 2248 531 2328 κεφάλαιον
555 2246 587 2307 δὲ
610 2249 660 2308 τοῦ
689 2249 807 2314 καλῶς
837 2248 993 2327 όμιλεῖν·
1026 2247 1132 2327 οἱμὲν
1158 2246 1213 2330 χάρ
1240 2249 1321 2330 κτή-

93 2381 170 2427 σεις
193 2359 369 2440 ἀσφαλεῖς
392 2358 477 2441 ἦσαν,
501 2359 603 2440 οἷσπερ
626 2359 702 2421 κατὰ
724 2359 881 2421 τὸδίκαιον
905 2359 1049 2443 ὑπῆρχον,
1073 2361 1103 2421 αἱ
1120 2361 1152 2422 δὲ
1168 2359 1319 2443 χρήσεις

92 2475 209 2534 κοιναὶ
232 2477 304 2534 πᾶσι
327 2476 386 2539 τοῖς
408 2469 557 2554 δεομένοις
580 2475 637 2533 τῶν
662 2474 799 2534 πολιτῶν.
845 2471 961 2535 Totum
984 2471 1067 2535 hunc
1089 2472 1192 2535 locum
1221 2493 1318 2557 appo·

93 2583 153 2658 sui,
178 2584 259 2668 quod
284 2605 321 2646 ea
342 2584 419 2668 ipsa,
444 2604 575 2667 quorum
591 2584 723 2666 vestigia
745 2584 777 2647 in
794 2584 901 2647 fabula
919 2584 1120 2668 Antiphontis
1136 2584 1318 2666 fragmentis

91 2695 156 2759 illis
185 2696 355 2761 Democriti
389 2703 420 2760 et
448 2697 607 2779 Anonymi
639 2695 822 2761 Iamblichei
860 2696 1009 2761 adhibitis
1042 2696 1240 2776 invenimus,
1278 2696 1319 2760 ab

91 2809 228 2872 Isocrate
244 2809 343 2872 fusius
359 2818 569 2893 exponuntur.
619 2808 664 2871 Ex
686 2809 799 2892 quibus
826 2819 958 2894 apparet
980 2810 1148 2873 Isocratem
1169 2831 1231 2872 non
1251 2816 1317 2872 tam

88 2942 164 2984 suas
186 2942 281 3004 quarn
307 2922 442 3005 priorum
465 2921 633 2985 sententias
656 2921 829 3005 protulisse.
876 2922 986 3006 ltaque
1009 2943 1065 2985 nos
1088 2921 1145 2985 hoo
1168 2921 1235 2985 loco
1260 2941 1315 3003 po·

90 3034 252 3098 tissimum
275 3035 334 3098 niti
358 3033 463 3098 licebit
491 3034 531 3098 ad
560 3055 596 3097 ea
623 3055 703 3118 quae
732 3034 770 3096 do
793 3033 997 3117 Antiphontis
1025 3033 1152 3098 consilio
1180 3033 1317 3096 diximus

90 3146 316 3210 confirmanda.
366 3147 446 3210 Nam
471 3147 621 3210 isocrates
643 3167 705 3211 non
727 3147 827 3210 solum
853 3147 1049 3229 publicarum
1065 3145 1118 3210 sed
1139 3147 1236 3210 etiam
1251 3145 1317 3230 pri·

89 3269 237 3322 ratarum
271 3281 373 3322 rerum
407 3259 631 3323 communitate
665 3259 748 3322 cives
781 3260 863 3323 inter
894 3281 927 3322 se
960 3259 1092 3324 sociatos
1133 3279 1200 3323 esse
1236 3258 1315 3322 vult.

90 3371 188 3436 Nulla
211 3379 318 3434 autem
340 3393 373 3435 re
397 3372 595 3436 concordiam
623 3380 654 3434 et
681 3373 939 3436 communitatem
966 3375 1064 3455 magis
1092 3371 1200 3454 augeri
1223 3371 1310 3444 dicit,

88 3505 185 3568 quam
209 3484 236 3547 si
258 3484 350 3548 fidem
375 3485 457 3548 inter
479 3505 511 3547 se
533 3483 684 3548 habentes
707 3484 819 3548 divites
845 3485 924 3548 bona
946 3505 1003 3548 sua
1019 3484 1182 3566 egentibus
1199 3483 1317 3547 utenda

88 3598 165 3660 dent
189 3615 291 3677 neque
315 3597 478 3679 pecuniam
503 3595 588 3659 domi
611 3597 776 3660 retineant.
828 3597 946 3680 ltaque,
972 3617 1043 3660 cum
1071 3596 1245 3660 communis
1274 3596 1317 3659 sit

88 3731 195 3774 rerum
231 3729 314 3789 usus,
347 3715 378 3772 et
412 3709 545 3772 aliorum
580 3719 612 3772 et
642 3729 698 3774 suo
739 3730 894 3792 quemque
933 3707 1096 3773 commodo
1131 3708 1313 3792 prospicere.

88 3821 230 3886 Eandem
265 3821 348 3884 enim
376 3821 527 3885 Isocrates
559 3821 671 3884 statuit
704 3842 769 3885 esse
803 3821 972 3884 utilitatem
1006 3821 1264 3903 uniuscuiusque·
1285 3827 1317 3884 et

88 3933 319 3998 universorum.
366 3933 467 4009 Quid?
490 3933 635 3998 omnihus
650 3934 697 3998 his
713 3934 816 4015 rebuS,
841 3942 994 4017 quantum
1011 3955 1049 3996 en
1064 3932 1172 3995 sabula
1188 3931 1315 4016 quidem

86 4057 120 4109 et
144 4066 183 4110 ex
206 4045 244 4108 fr.
268 4044 310 4110 58
333 4045 473 4127 intellegi
495 4053 607 4129 potest,
630 4067 733 4110 nonne
756 4067 827 4110 cum
851 4046 1044 4130 Antiphonte
1067 4043 1238 4110 consentit?

177 4159 246 4242 lpse
270 4177 395 4241 quoquo
418 4157 600 4221 Aristoteles
624 4158 662 4222 de
685 4179 743 4221 usu
767 4159 915 4224 bonorum
948 4158 1096 4241 disputat,
1126 4177 1217 4240 quem
1246 4177 1314 4220 ma·

86 4271 169 4335 nimi
192 4270 345 4335 momenti
363 4269 553 4335 adsalutem
575 4270 781 4353 reipublicae
814 4292 879 4334 esse
902 4267 1109 4353 existimat”)
1141 4268 1222 4350 (Pol.
1238 4266 1266 4330 H
1283 4269 1314 4332 5.

181 4487 213 4552 Ιί)
232 4489 265 4541 τί.
285 4486 459 4552 Poehlmann‚
479 4485 573 4541 Gesch.
594 4489 619 4540 d.
633 4495 688 4542 ant.
704 4487 920 4542 Kommunismus
935 4504 960 4541 u.
975 4487 1146 4540 Sozlalismus
1166 4485 1177 4538 1
1192 4501 1222 4552 p.
1238 4484 1314 4551 δόκη.

1128 4572 1143 4624 θ
