3128 5124
753 427 950 490 ,8-

243 596 316 662 libri
339 595 411 680 Περὶ
434 597 580 680 ὁμονοίας,
603 597 642 660 de
665 617 725 681 quo
748 597 971 662 subobscuram
987 597 1126 662 Blassius
1149 597 1229 662 dixit
1245 617 1312 663 essa
1332 599 1469 683 quaesti·

244 709 392 792 onom¹⁰).
442 691 547 794 Atque
578 709 605 774 is
639 709 767 794 quidem
800 710 901 795 primo
934 710 1106 796 sophistam
1141 710 1174 774 in
1202 710 1259 774 hoo
1289 709 1370 774 libro
1398 731 1467 774 rem

243 823 403 908 publicam
431 823 587 887 civiumve
611 822 808 888 concordiam
831 822 969 904 attigisse
995 821 1182 906 negavit¹¹),
1207 830 1276 906 post
1303 821 1465 904 nonnulla,

244 956 325 1020 quae
353 935 393 1000 ad
421 935 601 1000 societatem
630 935 748 998 civium
778 934 946 1018 pertinent,
975 934 1184 998 lamblichum
1212 955 1251 998 ex
1278 935 1345 1019 ipso
1373 935 1466 999 Anti-

243 1047 370 1132 phontis
393 1045 466 1130 Περὶ
489 1047 627 1130 ὁμονοίας
655 1046 733 1111 libro
757 1047 946 1130 excerpsisse
970 1045 1158 1130 coniecit¹²).
1205 1047 1326 1111 Blaesio
1349 1054 1466 1124 autem,

244 1180 338 1245 quam
364 1161 432 1224 sine
461 1159 525 1224 ulla
554 1159 749 1224 dubitatione
776 1167 901 1223 secutus
928 1167 976 1223 est
1010 1158 1271 1243 Gomperzius¹⁸),
1305 1180 1376 1223 cum
1410 1159 1468 1222 alii

243 1272 515 1354 contradixerunt,
546 1280 615 1362 tum
648 1271 687 1336 K.
716 1271 901 1356 Toepierus,
931 1271 985 1354 qui
1012 1292 1189 1336 sermonem
1218 1273 1354 1337 auctoris
1380 1271 1466 1334 Iam-

243 1383 340 1448 blichi
363 1383 502 1449 alianum
519 1385 557 1448 ab
574 1383 769 1467 Antiphonte
785 1404 850 1448 esse
866 1383 955 1447 nobis
971 1383 1098 1467 quidem
1114 1384 1270 1468 probavit,
1293 1383 1467 1448 sententias
1556 1455 1557 1458 Ἴ

243 1497 283 1562 ab
306 1519 343 1561 eo
366 1496 494 1562 omnino
517 1497 684 1562 abhorrere
706 1517 768 1560 non
783 1495 986 1582 probavit¹⁴).
1024 1496 1113 1573 Quod
1137 1497 1220 1561 enim
1236 1497 1466 1580 Antiphontem

242 1609 363 1674 nullam
387 1610 432 1674 rei
454 1609 599 1696 publicae
621 1610 776 1673 rationem
798 1607 945 1672 habuisse
968 1608 1054 1688 dicit,
1078 1608 1152 1692 quid
1168 1608 1222 1672 ille
1239 1609 1465 1688 voluerit,.non
1556 1625 1557 1638 ¹

242 1729 324 1786 reete
363 1743 434 1787 eum
467 1705 647 1806 intellegere
681 1721 886 1806 putamus¹⁶).
939 1722 976 1785 ln
1010 1722 1107 1786 tantis
1139 1722 1235 1804 igitur
1267 1721 1381 1786 talium
1420 1722 1467 1785 vi·
1549 1745 1551 1752 ’

242 1855 347 1899 rorum
363 1833 609 1900 dissensionibus
623 1833 662 1917 ¹⁶)
684 1855 755 1898 cum
779 1839 919 1899 nostrum
936 1854 1001 1898 esse
1018 1833 1163 1898 videatur
1177 1855 1286 1902 uerum
1305 1833 1464 1917 indagare,
1556 1859 1557 1862 ¹

242 1947 269 2010 si
296 1944 330 2009 in
352 1945 474 2029 singula
495 1948 668 2029 fragmenta
691 1947 866 2010 accuratius
888 1946 1093 2031 inquiremus,
1117 1945 1234 2029 aliquid
1257 1967 1313 2009 nos
1341 1946 1466 2010 effectu·
1556 1929 1557 1978 i

243 2079 292 2122 ros
315 2079 380 2122 esse
402 2078 575 2143 speramus.
621 2059 726 2142 Atque
750 2078 861 2142 operae
884 2057 1020 2142 pretium
1049 2065 1097 2121 est
1120 2057 1159 2120 ad
1182 2057 1237 2122 has
1259 2057 1466 2142 Antiphontis

242 2169 392 2252 reliquias
426 2170 531 2235 studia
564 2177 672 2234 nostra
699 2171 847 2244 conferre,
876 2170 991 2255 qnippe
1019 2170 1073 2252 qui
1105 2190 1186 2233 unus
1217 2169 1258 2234 sit
1285 2189 1322 2232 ex
1358 2170 1466 2253 paucis
1556 2251 1557 2254 Ἴ

243 2302 351 2346 eorum
374 2281 594 2367 sophistarum,
624 2302 757 2365 quornm
778 2283 895 2366 scripta
921 2302 984 2345 non
1011 2281 1105 2366 plane
1132 2281 1295 2365 perierint,
1322 2280 1354 2344 id
1382 2280 1466 2364 quod
1556 2273 1557 2358 ζ

242 2394 276 2458 in
311 2395 479 2477 Protagora
513 2395 631 2458 sactum
659 2415 725 2458 essa
752 2393 890 2458 maxime
922 2393 1073 2458 dolemus.
1123 2392 1270 2474 Accedit,
1298 2391 1381 2476 quod
1412 2391 1466 2456 illa
1556 2383 1557 2459 l

242 2506 363 2591 primus
386 2508 449 2572 fere
472 2527 620 2590 magnam
643 2527 708 2569 rem
731 2507 887 2588 tractavit,
912 2506 962 2570 cui
985 2527 1048 2570 non
1074 2506 1175 2570 solum
1203 2504 1381 2589 posterioris
1408 2515 1465 2568 anss
1556 2533 1557 2600 1

243 2618 400 2703 tiquitatis
433 2618 611 2703 philosophi
638 2618 693 2682 sed
720 2619 818 2682 etiam
849 2626 972 2682 nostrae
1007 2618 1119 2682 aetatis
1146 2617 1312 2700 diligenter
1339 2637 1466 2703 operam
1556 2663 1557 2700 ,

244 2730 406 2795 dederunt.

331 2843 472 2927 Denique
505 2843 605 2907 forma
638 2842 796 2907 scribendi
823 2850 854 2906 et
881 2863 936 2927 per
962 2863 1009 2920 se,
1036 2849 1073 2906 ut
1100 2847 1149 2906 est
1175 2841 1340 2920 vetustior,
1373 2840 1466 2924 digna
1556 2873 1557 2916 1

243 2955 379 3030 videtur,
403 2956 537 3039 quaein
561 2955 654 3019 tertio
678 2955 904 3019 dissertationis
928 2953 1029 3038 capite
1053 2954 1229 3018 accuratius
1256 2953 1466 3031 examinetur,
1556 2939 1557 3029 ζ

244 3076 277 3132 et
298 3075 464 3153 propterea
486 3069 623 3132 maxime
645 3067 849 3153 respicienda,
872 3066 965 3151 quod,
988 3067 1016 3130 si
1038 3067 1169 3149 antiqua
1189 3065 1466 3149 grammaticorum

244 3181 283 3245 de
312 3181 516 3266 Antiphontis
544 3180 667 3244 dicandi
694 3201 805 3262 genere
833 3178 950 3243 iudicia
978 3201 1047 3242 curn
1083 3178 1159 3262 ipsis
1185 3178 1367 3260 fragmentis
1395 3199 1466 3242 con·
1556 3261 1557 3264 Ἴ

244 3294 388 3372 feremus
412 3293 445 3356 id
468 3293 626 3372 efficietur,
651 3297 687 3355 ut
709 3313 746 3356 aa
769 3313 849 3377 quae
872 3291 904 3354 in
926 3286 1082 3375 prioribus
1105 3290 1260 3376 capitibus
1276 3289 1467 3354 contenderi·
1556 3269 1557 3296 ¹

244 3425 324 3485 mus,
348 3406 445 3469 etiam
466 3404 579 3469 melius
602 3404 801 3468 stabiliamus
825 3409 919 3486 atque
941 3403 1170 3468 confirmemus.
1556 3385 1557 3394 ¹

330 3517 416 3594 Quod
441 3525 546 3581 autem
570 3516 608 3580 ad
632 3523 755 3580 textum
779 3516 902 3596 attinet,
925 3536 988 3580 non
1011 3516 1147 3579 multum
1170 3515 1354 3600 efficiemus,
1383 3523 1466 3598 post·
1556 3501 1557 3570 ὲ

245 3649 340 3712 quam
373 3630 512 3693 Blassius
547 3636 578 3693 et
610 3628 764 3693 Dielesius
792 3649 863 3692 eum
891 3628 1146 3692 emendaverunt.
1195 3626 1356 3691 Nonnulla
1382 3647 1465 3708 vero,

334 3827 364 3890 10)
385 3827 422 3880 De
441 3825 609 3893 Antiphonte
629 3825 750 3893 sophista
769 3824 907 3878 Iamblichi
927 3827 1034 3876 auctore
1053 3821 1126 3888 (Kiel
1142 3821 1218 3886 1889)
1238 3840 1264 3891 p.
1278 3823 1306 3874 4.

335 3914 366 3982 ¹¹)
387 3914 507 3967 Attische
526 3912 757 3966 Beredsamlreitl
779 3912 836 3977 lli,
856 3913 889 3964 cf.
909 3911 974 3964 edit.
994 3928 1020 3979 p.
1036 3909 1085 3963 136
1097 3926 1136 3979 sq.

334 4001 365 4068 12)
385 4002 401 4053 l.
416 4018 437 4054 c.
457 4018 483 4069 p.
500 4001 539 4054 13.

335 4089 366 4153 ¹³)
386 4088 557 4142 Grieohische
577 4087 682 4141 Denlrer
701 4087 730 4138 1²
748 4085 810 4140 350.
828 4086 888 4138 464.

334 4177 363 4240 ¹⁴)
383 4177 433 4230 Die
452 4193 508 4245 sog.
529 4177 687 4245 Fragments
707 4175 732 4228 d.
752 4174 833 4242 Soph.
854 4174 991 4243 Antiphon
1011 4175 1035 4228 b.
1055 4175 1147 4228 lambl.
1166 4173 1252 4239 (XXI.
1265 4173 1417 4227 Jahresber.
1440 4174 1465 4226 d.

245 4265 341 4332 Gymn.
360 4266 388 4317 in
410 4265 501 4317 Arnau
522 4262 599 4326 1902>
619 4280 644 4331 p.
658 4262 692 4316 36
703 4277 761 4330 sqq.
780 4262 812 4313 41
824 4277 881 4330 sqq.
1556 4255 1557 4268 ¹

333 4351 365 4421 1⁵)
385 4353 402 4405 l.
416 4369 438 4405 c.
459 4369 485 4420 p.
498 4354 541 4406 47.

334 4441 364 4506 16)
384 4441 462 4494 Omni
486 4442 597 4494 rationis
621 4439 796 4492 fundamento
819 4443 920 4506 carent,
943 4454 1010 4506 quac
1035 4437 1145 4506 protulit
1163 4437 1350 4502 Schneiderus,
1376 4437 1465 4490 Wien.

243 4530 317 4584 Stud.
338 4530 430 4584 XXVI
452 4531 493 4582 14.
