3128 5124
582 399 793 464 ..51-

72 577 210 635 utuntur
231 570 357 651 Herod,
381 570 482 653 Gorg,
506 571 624 635 Auctor
647 570 735 654 Reip.
760 570 886 652 Athen,
908 572 973 651 Ar,
997 571 1055 654 Pl,
1079 592 1141 636 non
1164 578 1297 636 utuntur

74 683 184 762 Thus,
208 684 283 747 Ant.
306 683 378 764 Rh.;
403 681 474 766 φέρι
497 682 619 768 saepius
642 691 738 766 tragg.

165 795 303 860 Maxime
331 794 479 860 notabilis
504 796 538 860 in
561 795 766 880 Antiphontis
793 795 930 860 dictione
957 803 1003 860 est
1028 795 1186 860 iteratio
1213 817 1295 860 ver·
1358 819 1401 916 s

77 908 216 972 borum.
255 907 373 972 Notum
396 915 443 972 est
465 907 610 992 antiquos
632 907 797 992 scriptores
818 908 941 972 incuria
963 908 1099 992 quadam
1122 917 1153 973 et
1175 908 1296 992 simpli·

75 1019 171 1083 citate
193 1019 289 1083 verba
309 1018 449 1097 iterasse,
473 1020 506 1083 id
528 1019 611 1104 qnod
628 1019 814 1103 posteriores
829 1019 902 1084 inde
918 1020 957 1083 ab
974 1020 1109 1084 Isocrate
1124 1020 1295 1103 fugiebant.

74 1130 134 1194 Sed
169 1131 301 1195 interest
334 1129 418 1195 inter
450 1151 520 1195 eam
553 1131 721 1196 verborum
754 1131 962 1210 iterationem,
998 1153 1077 1215 quae
1104 1139 1230 1196 tantum
1256 1131 1295 1195 ad

73 1242 319 1308 continuandam
342 1243 515 1307 orationem
539 1245 704 1328 pertineat,
728 1251 759 1308 et
774 1264 853 1327 eam,
878 1265 941 1328 qua
960 1245 1008 1308 vis
1024 1244 1177 1326 quaedam
1192 1245 1296 1308 verbis

73 1354 196 1420 iteratis
223 1353 424 1437 accedat¹¹⁵).
469 1356 558 1420 Hanc
580 1357 663 1421 enim
688 1356 782 1420 etiam
807 1357 1015 1422 recentiorum
1038 1364 1196 1421 oratorum
1219 1377 1295 1421 ncn-

73 1467 154 1532 nnlli
178 1466 378 1541 adhibebant,
402 1474 438 1531 ut
456 1466 692 1551 Demosthenes,
717 1489 743 1533 e.
759 1490 787 1552 g.
812 1469 850 1532 ds
873 1489 934 1533 cor.
953 1469 992 1534 13
1008 1469 1111 1552 οὐγὰρ
1129 1519 1137 1533 .
1153 1515 1160 1532 .
1178 1468 1296 1532 δύναται

73 1582 190 1642 διώκειν
218 1576 254 1642 δι’
276 1578 340 1661 ἐμέ,
369 1578 423 1660 ἐμὲ
450 1581 482 1642 δὲ
498 1628 506 1644 .
524 1628 532 1645 .
550 1630 556 1643 .
574 1579 627 1643 οὐκ
656 1579 690 1643 ἂν
719 1580 875 1664 ἐγράψατο,
903 1602 997 1665 quam
1026 1581 1158 1664 liguram
1185 1581 1294 1644 ἐπανα·

73 1693 203 1776 στροφήν
226 1690 396 1776 appellcnt.
435 1691 595 1756 Pathetica
618 1702 666 1756 est
688 1693 761 1757 talis
784 1693 919 1773 iteratio,
943 1693 1068 1776 qualem
1090 1695 1123 1758 in
1140 1693 1295 1758 Aeschine

74 1802 302 1867 Demosthenes
324 1811 414 1868 notat
437 1803 474 1868 de
498 1825 558 1868 cor.
575 1804 629 1869 35:
654 1805 688 1868 od
711 1806 765 1888 γὰρ
788 1805 825 1869 τὰ
841 1806 957 1889 ῥήματα
973 1807 1025 1873 τὰς
1040 1803 1220 1889 οἰκειότητας
1236 1803 1293 1888 ἔφη

73 1917 220 2000 βεβαιοῦν,
245 1917 322 1995 μαίλα
345 1923 461 1997 σεμνῶς
484 1918 647 1998 δνομαίίων,
670 1919 744 1982 ἀλλὰ
768 1921 800 1982 τδ
817 1917 909 1982 ταύτὰ
925 1918 1091 2002 συμφέρειν.
1137 1917 1294 2003 συμφέρειν

72 2031 105 2092 δὲ
129 2028 269 2111 Φιλίππῳ
291 2032 352 2092 κτλ.
377 2065 418 2076 -
447 2029 537 2094 lllius
560 2040 665 2094 autem
690 2031 892 2115 antiquorum
915 2030 1128 2116 simplicitatis
1151 2031 1293 2115 exempla

72 2141 210 2206 maxime
234 2140 266 2204 in
288 2140 466 2205 fabularum
488 2142 719 2207 narrationibus
746 2143 959 2226 inveniuntur,
989 2153 1025 2207 ut
1052 2144 1085 2207 in
1108 2143 1294 2226 Pherecydis

71 2255 110 2318 lr.
130 2257 147 2318 1
170 2251 333 2336 (Vorsolr.²
351 2253 414 2318 ΙΙΙ
443 2275 473 2338 p.
490 2255 583 2338 hou:
609 2305 641 2320 ..
665 2260 713 2320 καὶ
740 2255 867 2339 Χθονίη.
913 2255 1031 2340 Χθονίῃ
1059 2257 1092 2320 δὲ
1113 2260 1175 2320 κτλ.
1220 2256 1293 2320 fr.2

72 2366 136 2429 ἐπεὶ
166 2367 199 2430 δὲ
227 2371 316 2429 ταῦτα
339 2365 507 2437 ἐξετέλεσεν
531 2370 624 2432 πάντα
762 2371 809 2432 καὶ
832 2367 934 2450 τᾶλλα,
957 2369 1012 2433 ὅσα
1035 2371 1081 2432 δεῖ
1102 2372 1205 2441 πάντα,
1229 2368 1294 2432 ἐπεὶ

72 2480 111 2560 δὴ
127 2480 221 2542 πάντα
245 2480 347 2560 ἑτοῖμα
369 2479 493 2562 γίγνεται
509 2483 570 2544 κτλ.
609 2481 670 2545 Ter
692 2483 725 2545 in
747 2481 805 2546 hoc
828 2483 1001 2565 fragmento
1025 2481 1178 2565 repetitur
1200 2483 1294 2544 πάντα

72 2599 104 2654 et
127 2595 229 2665 ποιεῖν,
254 2601 365 2675 qnater
385 2592 542 2676 γίγνεσθαι.
559 2594 781 2659 -Praeterea
804 2594 886 2679 apud
910 2594 1024 2658 Herod.
1041 2594 1138 2658 124.
1155 2642 1163 2657 .
1186 2594 1292 2658 ἀεῖσαι.

73 2703 174 2772 ἀείσας
196 2703 229 2766 δέ
251 2708 323 2778 κτλ,
347 2706 384 2770 cl.
402 2704 462 2769 18.
481 2705 531 2769 12.
555 2743 596 2751 -
613 2708 766 2771 Accurate
789 2707 1025 2790 diligenterque,
1049 2727 1088 2770 ne
1111 2705 1187 2789 quid
1210 2707 1292 2770 male

73 2816 285 2899 intellegatur,
308 2817 342 2880 in
364 2817 477 2882 litteris
493 2818 626 2903 publicis
642 2821 769 2883 eaedem
785 2819 937 2884 formulae
953 2819 1115 2898 iterantur,
1140 2819 1177 2882 cf.
1194 2819 1291 2883 Thuc.

74 2928 169 2992 Vns.
198 2929 404 2994 -Similiter
427 2931 603 3015 philosophi
626 2932 720 2995 verba
743 2938 882 3015 repetere
904 2932 1015 3008 solent,
1043 2940 1080 2994 nt
1102 2931 1291 2995 sententiam

71 3062 169 3124 quam
193 3040 364 3106 clarissime
388 3042 556 3127 explanent
578 3065 614 3107 ac
637 3043 861 3124 demonstrent,
886 3051 921 3107 ut
936 3043 1080 3107 Melissus
1101 3044 1134 3107 in
1153 3044 1190 3106 ir.
1207 3043 1227 3106 2
1244 3043 1293 3106 ὅτε

71 3153 167 3216 τοίνυν
196 3154 249 3217 οὐκ
277 3153 401 3238 ἐγένετο,
425 3153 487 3218 ἔστι
514 3177 545 3217 τε
572 3158 620 3218 καὶ
648 3156 694 3218 dal
722 3155 757 3240 ἧν
786 3158 834 3220 καὶ
861 3156 907 3219 ἀεὶ
931 3154 1021 3231 ἔσται,
1050 3156 1098 3218 καὶ
1121 3157 1217 3240 ἀρχὴν
1240 3156 1294 3219 οὐκ

70 3265 138 3349 ἔχει
166 3265 236 3329 οὐδὲ
263 3270 400 3350 τελευτήν
418 3317 425 3331 .
442 3314 450 3330 .
468 3317 475 3330 .
494 3313 502 3330 .
524 3269 550 3330 εἰ
578 3269 630 3350 μὲν
657 3270 713 3351 γὰρ
740 3268 869 3350 ἐγένετο,
897 3270 994 3354 ἀρχὴν
1022 3268 1056 3331 ἂν
1085 3266 1164 3352 εἶχεν
1187 3317 1194 3332 .
1216 3317 1223 3332 .
1245 3270 1293 3331 καὶ

1 3445 2 3452 ,
70 3379 259 3460 τελευτήν..
280 3380 330 3442 ,εἰ
357 3380 390 3442 δὲ
420 3381 494 3462 μηδὲ
522 3379 628 3463 ἤρξατο
657 3381 732 3462 μήτε
759 3381 945 3465 ἐτελεύτησεν
972 3381 1020 3443 ἀεί
1047 3403 1078 3443 τε
1105 3378 1141 3463 ἦν
1169 3383 1218 3445 καὶ
1246 3383 1293 3444 ἀεὶ

70 3490 170 3566 ἔσται,
205 3490 259 3554 οὐκ
291 3489 355 3575 ἔχει
387 3491 484 3576 ἀρχὴν
518 3492 587 3556 οὐδὲ
620 3495 766 3576 τελευτήν.
801 3530 843 3538 -
876 3496 1080 3576 Anaxagoras
1112 3493 1145 3557 in
1178 3495 1215 3557 fr.
1237 3494 1291 3558 1⁴2:

70 3605 227 3686 μέμεικται
255 3603 349 3666 οὐδενὶ
378 3605 519 3688 χρήματι,
548 3605 622 3667 ἀλλὰ
651 3605 738 3686 μόνος
765 3603 812 3689 ἐφ’
846 3606 952 3668 ἑαυτοῦ
979 3605 1066 3668 ἐστιν.
1116 3606 1142 3668 εἰ
1169 3608 1211 3690 μὴ
1238 3607 1292 3690 γὰρ

1 3757 2 3804 3
69 3709 123 3800 ἐφ’
147 3715 254 3779 ἑαυτοῦ
283 3713 330 3798 ἦν,
359 3717 436 3778 ἀλλά
462 3741 520 3801 τεῳ
548 3716 704 3799 ἐμέμεικτο
727 3717 810 3801 ἄλλῳ
833 3715 967 3800 κτλ.““).
1016 3717 1053 3781 ln
1081 3717 1154 3782 fr.9
1182 3725 1293 3800 quater

1 3867 2 3874 ν
69 3827 208 3892 occurrit
234 3827 375 3912 ταχύτης,
404 3829 440 3891 ίτ.
458 3828 498 3891 13
523 3837 633 3913 quater
660 3835 758 3903 κινεῖν,
789 3840 837 3894 ter
863 3829 1060 3913 διακρίνεσθαι
1082 3837 1139 3893 etc.
1185 3829 1293 3913 Neque

69 3940 169 4004 aliter
183 3939 345 4025 Antiphon
371 3941 500 4004 verbum
524 3948 663 4024 repetere
685 3941 774 4024 solat,
799 3941 922 4006 etiamsi
944 3941 1026 4005 idem
1050 3942 1226 4022 antecessit,
1249 3943 1294 4005 ita

1 4049 2 4100 ἓ
67 4061 108 4118 ut
136 4052 219 4116 inter
245 4071 279 4115 se
306 4053 368 4116 sint
400 4053 561 4116 continua:
590 4054 626 4116 fr.
646 4054 687 4118 58
714 4053 793 4122 ὅστις
819 4054 875 4117 δὲ.
892 4103 899 4118 .
917 4055 1081 4132 δειμαίνει.
1099 4102 1106 4116 .
1124 4099 1131 4115 .
1149 4053 1294 4138 σωφρονέ-

1 4167 2 4170 ’
68 4186 184 4248 στεμος.
229 4163 259 4226 ἐν
286 4160 312 4247 ᾦ
340 4164 395 4248 γὰρ
425 4165 573 4246 δειμαίνει,
603 4165 717 4247 μέλλει·
747 4166 776 4228 ἐν
800 4162 825 4250 ᾧ
850 4167 882 4228 δὲ
906 4165 1004 4249 μέλλει
1027 4168 1087 4228 κτλ.
1105 4213 1113 4227 .
1130 4213 1137 4229 .
1155 4213 1162 4228 .
1180 4166 1293 4233 ἐλπιδες

66 4311 276 4320 -----

165 4385 207 4453 ¹¹⁵)
228 4387 260 4439 ci.
280 4386 372 4452 Lehrs,
391 4387 472 4442 Arist
494 4387 504 4421 ⁸
522 4403 548 4456 p.
561 4387 622 4440 470.

151 4477 206 4558 ¹¹¹⁶)
226 4478 260 4531 cf.
280 4477 363 4546 Diels,
381 4479 554 4533 Parmenides
574 4495 599 4547 p.
615 4477 657 4531 23.
