3128 5124
779 411 994 475 ..34-

503 599 554 655 255
577 585 626 650 καὶ
650 587 691 668 μὴ
715 584 787 668 πρὸς
810 582 898 668 άκρον
923 584 1028 662 μυελὸν
1051 586 1159 667 ψυχῆς,

579 696 686 761 εὔλυτα
707 695 810 760 δἐἶναι
833 695 998 779 στέργηθρα
1021 699 1135 780 φρενῶν

580 809 638 874 ἀπό
661 806 681 872 τ’
711 809 847 874 ὤσασθαι
870 809 918 872 καὶ
941 808 1091 878 ξυντεῖναι.

579 923 612 986 τὸ
636 920 664 986 δ’
686 923 758 1005 ὑπὲρ
782 924 888 986 δισσῶν
914 921 979 1005 μίαν
1003 920 1114 984 ὠδίνειν

581 1035 679 1119 ψυχὴν
702 1035 833 1119 χαλτπδν
857 1035 955 1118 βάρος,
980 1035 1021 1102 ῶς
1044 1034 1126 1115 κάγὼ

501 1164 553 1219 260
579 1146 663 1231 τῆσδ’
692 1147 857 1230 ὑπεραλγῶ.

362 1261 454 1326 Hune
480 1261 585 1328 locum
613 1260 718 1326 Cicero
746 1259 829 1346 apud
858 1266 1018 1323 auctorem
1049 1257 1251 1322 deamicitia
1277 1278 1382 1337 suum,
1408 1278 1505 1342 quem

277 1371 525 1458 Theophrastum
560 1371 655 1436 fuisse
686 1369 747 1434 viri
780 1368 865 1434 docti
897 1375 1021 1454 putent,
1055 1367 1179 1432 invenit
1211 1375 1243 1432 et
1275 1367 1369 1452 paulo
1402 1368 1505 1431 fusius
1541 1399 1542 1488 γ

277 1481 406 1560 scilieet,
441 1503 503 1547 uno
537 1489 643 1546 temen
677 1502 770 1546 versu
793 1479 887 1562 (255)
921 1479 1035 1544 omisso
1069 1477 1164 1543 nimie
1198 1478 1329 1563 poetico,
1364 1477 1506 1542 reddidit

276 1595 373 1676 (Lael.
400 1595 448 1675 13,
460 1595 530 1677 45):
556 1644 563 1659 .
586 1641 594 1657 .
620 1642 627 1658 .
650 1592 818 1678 fuqe'eadas
844 1613 904 1655 esse
929 1593 1046 1654 nimias
1073 1592 1240 1670 amicitias,
1266 1611 1305 1653 ue
1326 1611 1446 1654 neeesse
1467 1590 1506 1651 αθ

277 1729 376 1770 uuum
397 1707 564 1770 sollicitum
585 1728 645 1770 esse
665 1727 723 1791 pro
740 1703 899 1788 pluribuu
935 1705 1010 1766 satis
1034 1724 1186 1788 superque
1211 1725 1271 1766 esse
1291 1702 1352 1766 sibi
1372 1723 1505 1766 suatum

277 1819 387 1901 auique
408 1839 523 1894 rerum,
539 1817 650 1881 alieua'a
664 1818 760 1879 ue‘rue‘s
774 1815 934 1899 implicare
947 1813 1109 1876 molarum
1130 1835 1204 1890 ουτος
1224 1814 1504 1876 commodissimum

277 1951 336 1992 esse
363 1951 459 2014 quam
486 1928 662 1992 laaisumaa
687 1926 821 1990 habenas
846 1925 954 1989 habere
980 1927 1148 2004 amicitiae,
1177 1947 1255 2008 quas
1282 1925 1328 1988 uel
1354 1926 1505 2002 adducas,

278 2063 348 2104 euru
371 2042 453 2122 uelis,
474 2041 521 2104 uel
542 2043 695 2117 remittas3
717 2050 812 2124 eaput
833 2041 915 2101 euim
938 2059 997 2102 esse
1026 2040 1069 2102 ad
1091 2038 1175 2102 beate
1200 2039 1361 2101 uiuendum
1388 2038 1504 2102 securi·

279 2163 372 2216 tarem
396 2152 493 2237 (quod
516 2152 744 2238 interpretandi
767 2173 860 2216 eausa
884 2150 1006 2214 addidit
1022 2149 1153 2232 Cicero),
1169 2151 1316 2234 quafraa'
1329 2150 1506 2236 anapaesta

280 2267 414 2345 animus,
447 2267 477 2328 α’
509 2275 672 2349 tamquam
703 2266 866 2349 parturiat
897 2285 979 2326 αααυ
1007 2283 1068 2345 pro
1100 2261 1251 2346 pluribus.
1308 2262 1504 2338 Quibuscum

282 2378 421 2442 conferas
444 2377 520 2441 haee
542 2375 762 2456 Antiphontis:
786 2377 813 2438 τί
828 2373 889 2442 οὖν,
912 2376 943 2437 εἴ
954 2398 1003 2454 μοι
1018 2374 1129 2457 γένοιτο
1146 2379 1233 2454 σῶμα
1249 2374 1347 2458 ἕτερον
1362 2378 1503 2445 τοιοῦτον,

280 2489 351 2572 ὅγὲ
375 2513 423 2570 μοι
447 2489 541 2557 οὕτως
563 2489 699 2570 ἐπιμελὲς
722 2487 783 2572 eim
818 2487 872 2551 οὐκ
906 2485 955 2549 οὖν
989 2491 1088 2571 δῆλον,
1116 2486 1160 2550 ὅτι
1186 2489 1259 2570 γυνὴ
1287 2487 1378 2572 ἀνδρί,
1407 2480 1502 2566 ἐὰνῇ

280 2600 457 2681 ναταθυρία,
481 2599 565 2662 οὐδὲν
589 2600 725 2667 ἐλάττους
754 2599 806 2665 τὰς
834 2599 990 2682 φιλότητος
1017 2598 1180 2682 παρέχεται
1206 2600 1254 2662 καὶ
1281 2597 1333 2666 τὰς
1356 2598 1464 2666 ὀδύνας
1486 2617 1503 2676 η

280 2712 368 2781 αὐτὸς
390 2713 471 2797 αὑτῷ
495 2712 567 2796 ὑπέρ
590 2736 621 2774 τε
643 2717 695 2796 τῆς
718 2712 825 2793 ὑγιείας
848 2713 956 2774 δισσῶν
980 2712 1127 2792 σωμάτων
1150 2713 1213 2774 κτλ.
1271 2709 1415 2774 Eandem
1438 2731 1505 2774 seu·
1539 2705 1542 2734 ¹

269 2825 414 2889 ‘tentiam
437 2825 497 2889 duo
521 2835 681 2910 praeterea
703 2824 853 2888 exhibent
875 2823 1032 2908 Euripidis
1060 2823 1129 2903 loci,
1158 2844 1235 2908 quoe
1261 2823 1326 2887 iam
1352 2824 1503 2888 Duemm·

281 2937 363 3002 lerus
386 2936 552 3020 attulit⁷⁶).
598 2937 753 3002 Admetus
776 2937 860 3001 enim
883 2957 980 3000 uxore
1002 2943 1126 3000 mortua
1149 2942 1246 3020 aptat,
1270 2944 1306 3000 nt
1328 2955 1502 3022 numquam

269 3069 351 3114 *eum
374 3051 512 3116 duxisset
534 3050 618 3132 (Arc.
643 3048 816 3134 879sqq.):

587 3167 667 3244 ζηλῶ
691 3162 852 3245 δ’άγοίμους
875 3161 1011 3228 ἀτέκνους
1034 3185 1065 3224 τε
1089 3162 1214 3246 βροτῶν·

587 3273 639 3353 μία
661 3272 716 3356 γὰρ
740 3274 833 3357 ψυχή,
857 3277 910 3355 τῆς
932 3274 1103 3356 ὑπεραλγεῖν
1183 3300 1185 3305 ·

587 3386 702 3468 μέτριον
726 3384 836 3469 ἄχθος·

587 3499 697 3562 παιδων
722 3499 754 3561 δὲ
776 3497 879 3566 νόσους
901 3499 949 3560 καὶ
971 3499 1141 3580 νυμφιδίους

587 3611 672 3679 εὐνὰς
694 3611 831 3677 θανάτοις
853 3610 1062 3694 κεραϊζομένας

588 3721 622 3785 οὐ
646 3723 750 3804 τλητὸν
775 3720 857 3805 δρᾶν,
882 3721 945 3791 ἐξὸν
969 3720 1106 3788 ἀτέκνους

591 3833 722 3914 ἀγάμους
744 3831 769 3894 τ’
788 3830 861 3894 εἶναι
884 3831 931 3894 διὰ
954 3831 1068 3901 παντός.

370 3947 406 4011 In
429 3947 467 4010 fr.
484 3943 566 4009 908²
589 3945 626 4009 N.
651 3952 752 4009 meter
769 3945 924 4029 quaedam
940 3945 1084 4008 miserum
1102 3945 1271 4021 fortunam,
1288 3965 1383 4028 quem
1399 3941 1503 4010 liberie

284 4059 431 4145 parandis
459 4058 583 4138 habeat,
612 4058 766 4142 queritur:
798 4055 827 4119 τί
852 4060 936 4118 τοῦτο
965 4057 1001 4139 δὴ
1032 4058 1065 4120 τὸ
1088 4058 1230 4141 χρηστόν;
1255 4055 1308 4120 adu
1331 4059 1417 4140 ἀρκεῖ
1440 4056 1503 4140 μίαν

285 4173 384 4257 ψυχὴν
413 4171 509 4233 ἀλύειν
538 4170 610 4233 κάπὶ
637 4167 702 4252 τῇδ’
730 4167 808 4254 ἔχειν
837 4168 1005 4251 πόνους7’);
1040 4169 1259 4234 Duemmlerue
1286 4176 1412 4254 poetam
1436 4187 1502 4234 cum

373 4319 406 4387 76)
428 4319 510 4372 Aead.
529 4335 555 4388 ρ.
572 4319 629 4371 171.
667 4317 709 4369 Kl.
729 4317 801 4370 Schr.
821 4317 913 4385 ρ.178
932 4318 993 4370 adn.
1010 4319 1033 4371 1.

375 4407 406 4473 Π)
425 4408 459 4460 cf.
477 4408 535 4460 Ter.
555 4407 631 4460 Adel.
650 4404 696 4458 38:
731 4403 793 4470 Vult,
813 4425 984 4474 quemquamne
1003 4407 1118 4458 homiuem
1141 4407 1166 4457 iu
1191 4409 1296 4458 animam
1319 4406 1445 4458 instituere
1463 4409 1501 4454 aut

283 4515 377 4563 parare
397 4496 463 4563 qaod
478 4497 510 4547 sit
528 4497 610 4548 carius
629 4513 701 4560 quem
720 4496 772 4573 ipse
793 4505 830 4545 est
849 4497 913 4546 sibi!
