3128 5124
653 291 660 336 r

610 397 825 460 ...37-

85 570 152 652 (fr.
190 569 284 650 eim:
323 568 510 651 τεκνοτρορίη
550 567 710 652 σφαλερόν·
745 569 797 650 τὴν
841 569 892 650 μὲν
930 567 984 651 γὰρ
1024 567 1175 652 ἐπιτυχίην
1214 526 1328 649 ἀγῶνος

90 684 215 764 μεστὴν
243 681 291 744 καὶ
319 680 469 764 φροντίδος
497 681 643 763 κέκτηται,
672 681 724 762 τὴν
753 681 784 743 δὲ
814 681 977 764 ἀποτυχίην
1008 680 1203 764 ἀνυπέρδετον
1237 679 1325 763 ἑτέρῃ

88 795 205 876 ὀδύνῃ.
251 796 320 871 Qua
342 793 380 856 de
403 814 496 857 cause
520 793 641 873 suadet,
665 815 704 857 ne
726 794 763 872 is,
787 793 841 876 qui
863 814 970 857 secure
993 791 1098 857 vivere
1114 792 1199 872 velit,
1222 792 1328 856 liberis

89 927 231 991 operam
255 905 307 969 det
328 905 380 986 (ir.
397 905 491 988 276):
515 905 549 966 οδ
573 908 654 968 δοκεῖ
677 927 726 986 μοι
748 910 855 990 χρῆναι
878 907 984 972 παῖδας
1000 906 1140 968 κτᾶσθαι·
1164 905 1257 987 ἐνορῶ
1273 904 1327 987 γὰρ

90 1021 133 1083 ἐν
158 1019 269 1082 παίδων
295 1019 395 1100 κτήσει
417 1019 542 1086 πολλοὺς
567 1019 618 1097 μὲν
642 1019 691 1082 καί
715 1019 860 1100 μεγάλους
876 1018 1033 1097 κινδύνους,
1053 1018 1162 1086 πολλὰς
1178 1018 1211 1080 δὲ
1226 1017 1328 1098 λύπας,

90 1133 187 1214 ὀλίγα
209 1132 241 1194 δέ
264 1131 299 1193 τὰ
321 1130 501 1213 εὐδηλέοντα
529 1133 576 1193 καὶ
604 1134 693 1193 ταῦτα
722 1131 815 1193 λεπτοί
842 1155 873 1193 τε
896 1131 944 1193 καὶ
966 1130 1103 1194 ἀσθενέα.
1153 1129 1241 1193 Idem
1264 1131 1328 1194 fere

91 1243 201 1309 sentit
235 1243 410 1326 Antiphon:
445 1243 517 1326 φέρε
550 1245 586 1325 δὴ
620 1246 667 1306 καὶ
703 1247 803 1311 παῖδες
836 1243 1036 1326 γενέσθωσαν·
1072 1244 1231 1326 φροντίδων
1269 1242 1327 1326 ἤδη

92 1360 198 1420 πάντα
221 1356 295 1419 πλέα
318 1359 366 1418 καὶ
390 1355 534 1440 ἐξοίχεται
555 1359 587 1419 τὸ
611 1358 760 1439 νεοτήσιον
785 1357 929 1440 σκίρτημα
952 1355 986 1419 ἐκ
1009 1361 1060 1438 τῆς
1082 1357 1201 1438 γνώμης
1223 1356 1272 1418 καὶ
1294 1355 1327 1417 τδ

94 1469 264 1553 πρόσωπον
293 1467 389 1531 οὐκέτι
416 1470 448 1530 τὸ
476 1469 558 1531 αὐτό.
604 1468 685 1543 Quid
713 1469 762 1532 his
791 1470 884 1534 rebus
918 1469 1039 1532 efficere
1067 1467 1211 1546 voluerit,
1245 1475 1327 1532 certo

94 1580 184 1644 scire
212 1601 302 1642 nemo
333 1585 443 1662 potest.
494 1579 558 1642 Nec
585 1579 754 1643 verisimile
783 1565 1047 1643 eum'mulierum
1077 1577 1327 1642 communionem

96 1693 260 1777 probasse,
273 1690 525 1774 utEuripidesfr.
536 1689 614 1755 653²
625 1691 672 1773 N.,
686 1692 769 1774 quod
780 1691 978 1756 Duemmlero
988 1688 1205 1770 videbatur⁸⁵).
1221 1690 1329 1753 Potius

95 1803 187 1867 idem
201 1809 295 1884 atque
308 1801 522 1866 Democritum
536 1802 584 1884 (cl.
598 1803 634 1864 fr.
648 1802 726 1884 277)
740 1823 811 1865 eum
824 1803 957 1866 suasisse
973 1801 1128 1865 existimo.
1157 1802 1327 1884 Toeplerus

95 1921 222 1991 autem,
245 1912 270 1974 si
295 1911 522 1996 Antiphontem
547 1913 584 1975 ob
609 1933 676 1975 eam
702 1933 837 1992 causam,
862 1912 943 1996 quod
961 1933 979 1975 a
994 1911 1136 1994 coniugio
1152 1910 1326 1989 abhorreat,

95 2024 239 2089 salutem
267 2023 424 2108 publicam
453 2023 486 2087 in
515 2024 594 2087 libro
621 2045 676 2088 suo
705 2046 768 2088 non
796 2023 969 2108 respexisse
993 2023 1130 2107 dioit⁸⁶),
1165 2043 1329 2108 perperam

96 2135 234 2199 iudicat.
273 2135 349 2212 Quis
372 2133 458 2198 enim
481 2135 551 2218 plus
574 2135 686 2198 tribuit
709 2135 754 2199 rei
777 2136 920 2220 publicae
943 2156 1037 2219 quam
1061 2135 1258 2200 Democritus
1274 2134 1328 2217 (cf.

97 2247 139 2309 fr.
156 2245 231 2309 252.
250 2245 336 2327 157),
365 2245 510 2328 quamvis
537 2246 672 2330 sapienti
699 2246 806 2310 liberis
834 2247 1055 2310 abstinendum
1084 2267 1150 2310 esse
1184 2244 1330 2309 censeat?

190 2356 234 2420 Ut
249 2356 288 2420 ab
304 2356 440 2419 infantia
455 2356 686 2440 Antiphontem
702 2357 785 2419 vitae
802 2356 1062 2440 contemplandae
1078 2357 1205 2420 initium
1222 2356 1329 2419 secisse
1386 2370 1388 2374 ’

97 2491 141 2534 ex
166 2468 276 2552 primis
299 2469 335 2531 lr.
352 2469 393 2531 49
418 2468 519 2532 verbis
543 2469 731 2551 collegimus,
760 2469 804 2532 ita
832 2491 849 2532 e
876 2470 1039 2533 iuventute
1063 2491 1134 2533 eum
1159 2468 1196 2532 ed
1220 2489 1326 2532 senec-

97 2589 204 2646 tutem
229 2582 401 2664 proiectum
425 2602 491 2644 esse
514 2588 606 2644 etex
629 2581 748 2644 indta
775 2583 886 2666 (Harp.
916 2582 1046 2665 ἀνδρείας
1081 2583 1099 2665 ἡ
1124 2585 1182 2644 τῶν
1213 2582 1327 2664 ἀνδρῶν

97 2691 212 2776 ἡλικία.
254 2689 300 2754 Ἀ.
330 2690 360 2752 ἐν
393 2693 435 2774 τῷ
470 2689 541 2775 Περὶ
570 2691 721 2774 ὁμονοίας)
757 2700 788 2755 et
814 2713 852 2756 er
876 2693 912 2756 lr.
930 2692 970 2756 66
994 2679 1133 2756 conicere
1156 2690 1328 2774 licebit⁸'):

96 2802 281 2886 γηροτροφίοι
315 2801 368 2886 ’γὰρ
403 2801 557 2885 προσέοικε
591 2803 793 2885 παιδοτροφίᾳ.
850 2804 917 2878 Quo
943 2803 1009 2866 fieri
1037 2808 1147 2887 potest,
1171 2811 1207 2865 ut
1230 2803 1328 2865 dicet:

97 2911 337 2996 εὖκατηγόρητος
364 2916 421 2979 πᾶς
450 2913 465 2973 b
495 2913 554 2996 βίος
581 2916 642 2975 κτλ.
665 2912 717 2993 (ίι.
735 2913 800 2995 bl).
859 2911 1010 2975 Similiter
1033 2912 1188 2993 Prodicus⁷
1217 2911 1330 2996 siqua

97 3024 180 3087 fides
206 3022 340 3086 Axiochi
370 3023 490 3086 auctori
518 3022 661 3086 habende
689 3022 795 3105 est⁸⁸),
830 3022 1075 3105 uniuscuiusque
1104 3023 1215 3086 aetatis
1243 3022 1329 3084 mala

101 3154 304 3198 enumerasse
328 3131 451 3196 dicitur.
498 3132 541 3196 Cf.
566 3133 697 3197 Axioch.
721 3134 824 3198 eood:
853 3133 882 3195 τί
907 3133 994 3216 μέρος
1025 3139 1078 3216 τῆς
1106 3133 1219 3215 ἡλικίας
1247 3131 1327 3210 ἅμα·

99 3267 154 3328 ρον
179 3247 238 3306 τῶν
262 3243 403 3324 ἀνιαρῶν;
431 3243 471 3305 de
499 3250 658 3307 senectute
686 3243 769 3308 idem
795 3244 881 3308 locus
907 3244 961 3326 qui
989 3243 1071 3327 apud
1102 3242 1327 3328 Antiphontem

103 3359 148 3438 τῷ
175 3358 218 3437 νῷ
238 3352 297 3422 ‘ok
320 3355 420 3420 παῖδες
448 3354 475 3416 oi
503 3352 641 3435 γέροντες’
675 3355 817 3435 γίγνονται
845 3354 974 3436 (3671)),
1003 3354 1085 3437 quod
1109 3353 1141 3416 in
1165 3353 1327 3436 proverbio

98 3473 150 3530 est
177 3465 231 3546 (cl.
261 3466 315 3527 Ar.
346 3464 425 3527 Nub.
452 3463 543 3527 1419.
569 3464 613 3528 Pl.
638 3464 707 3546 Leg.
736 3464 848 3547 osea).
907 3463 1087 3528 Alcidamas
1115 3462 1327 3527 laudationem

98 3576 226 3653 mortis,
265 3595 345 3658 quae
378 3575 542 3639 constabat
576 3597 614 3638 ex
648 3575 882 3638 enumeratione
915 3575 1124 3638 humanorum
1163 3574 1328 3652 malorum,

98 3782 133 3833 fr.
149 3779 223 3832 359²
240 3779 271 3831 N.
309 3781 433 3834 Nestleus
451 3780 508 3833 fieri
527 3783 648 3849 potuisse
668 3781 820 3846 arbitratur,
839 3783 869 3832 ut
888 3780 930 3832 hio
949 3796 982 3832 ex
998 3780 1070 3834 illius
1084 3781 1190 3848 scriptis
1204 3781 1328 3833 didicerit

99 3868 129 3934 (l.
144 3884 169 3919 c.
190 3883 217 3935 p.
230 3867 303 3933 341).
340 3868 376 3920 st
395 3869 443 3920 boc
463 3885 511 3920 nec
532 3873 593 3922 ante
613 3884 712 3920 annum
732 3868 792 3932 431,
812 3881 863 3934 quo
878 3868 970 3920 necea
988 3873 1110 3934 recteest,
1129 3868 1186 3921 ficri
1206 3870 1326 3936 potuisse

101 3954 253 4008 verisimile
273 3958 314 4006 est
332 3970 381 4008 nec
400 3956 508 4009 omnino
527 3956 626 4008 lectum
650 3971 708 4008 esse
732 3972 764 4009 ex
783 3955 918 4022 Euripidis
943 3955 1063 4024 reliquiis
1087 3957 1211 4024 cognosci
1231 3961 1327 4023 potest.

197 4040 229 4104 ⁸⁵)
248 4042 264 4094 l.
279 4059 301 4095 o.
322 4059 348 4111 p.
362 4042 413 4095 219
433 4043 496 4107 (56).

196 4128 228 4196 ⁸⁶)
250 4129 267 4182 l.
281 4146 303 4182 c.
323 4147 349 4198 p.
362 4130 405 4183 42.

197 4216 229 4282 87>
249 4218 325 4281 Quod
344 4218 413 4272 falso
434 4220 495 4272 Ant.
515 4221 613 4272 oratori
633 4219 796 4287 adscriptum
816 4233 875 4272 esse
894 4220 945 4272 riri
964 4219 1035 4273 docti
1054 4221 1233 4272 consentiunt.
1264 4219 1326 4272 Per·

97 4321 195 4376 peram
216 4306 285 4358 hanc
303 4310 461 4358 sententium
481 4308 673 4375 interpretatus
693 4313 734 4360 est
752 4307 900 4374 Toepferus
919 4308 937 4359 l.
950 4323 973 4360 c.
992 4323 1017 4376 p.
1030 4308 1074 4360 47.

198 4391 229 4456 8δ)
248 4394 282 4446 σί.
302 4409 328 4462 p.
342 4394 425 4448 3660:
446 4395 489 4446 καὶ
508 4400 587 4447 ταῦτα
606 4395 632 4448 δὲ
651 4395 667 4447 ἃ
686 4395 752 4466 λίγιυ
766 4395 892 4465 Προδίκου
911 4395 976 4447 ἐστὶν
996 4400 1040 4448 τοῦ
1060 4400 1139 4464 σοφοῦ
1160 4395 1326 4467 ἀπηχήματα.

100 4485 134 4536 V.
159 4481 300 4550 Gompm,
318 4483 336 4534 l.
349 4500 371 4536 c.
391 4499 415 4550 p.
429 4483 489 4536 463.
