3128 5124
593 404 805 468 ..31-

79 577 184 640 moda
194 573 244 659 ¹⁰).
290 574 424 640 Difficile
447 575 631 640 divortium:
654 577 782 659 χαλεπαὶ
806 574 1032 659 perstreperet,
1057 574 1124 642 τοὺς
1144 574 1246 658 φιλους
1262 573 1311 658 ἐχ·

79 691 180 772 θροὺς
202 669 333 772 ποιῆσαι,
357 685 405 751 ἴσα
428 692 604 772 φρονοῦντας
632 688 682 752 ἴσα
709 689 856 763 πνέοντας,
884 689 1046 757 ἀξιώσαντα
1069 688 1118 751 καὶ
1140 687 1310 757 ἀξιωθέντα.

79 803 200 867 Nescio
223 824 264 866 an
287 801 363 866 haec
386 801 482 866 verba
505 800 674 866 admodum
697 802 828 866 distorta
850 802 895 865 ita
917 802 981 864 sint
1003 800 1247 885 interpretanda,
1276 811 1312 864 ut

80 917 226 999 primum
254 914 382 978 nomine
410 915 510 997 φιλοος
539 914 678 979 mulieris
706 936 769 978 non
799 914 899 978 solum
928 913 1059 991 amiam,
1088 921 1124 977 ut
1150 911 1311 977 Jacobsius

79 1027 198 1106 voluit,
221 1025 274 1090 sed
298 1026 394 1090 etiam
417 1027 525 1090 affines
549 1027 728 1110 significari,
752 1026 864 1090 deinde
887 1025 1051 1095 ἀξιώσαντα
1074 1027 1122 1088 καὶ
1150 1024 1312 1095 ἀξιωθέντα

81 1142 119 1204 in
145 1139 296 1208 ἑξώσαντα
318 1140 366 1203 καὶ
389 1138 556 1208 ἐξωσθέντα
580 1160 651 1203 omn
667 1140 807 1204 Iacobsio
825 1139 977 1203 mutanda
993 1159 1059 1203 esse
1076 1137 1171 1215 dieas,
1196 1159 1232 1201 ex
1250 1159 1310 1222 quo

80 1254 165 1316 haec
193 1253 255 1316 fere
283 1253 439 1316 sententia
466 1251 632 1317 efficiatur:
664 1245 806 1315 ‘difficile
835 1247 1065 1332 divortium¹¹),
1105 1250 1213 1314 affines
1241 1271 1309 1314 oum

82 1386 185 1428 uxore
209 1364 423 1449 conspirantes
451 1387 489 1428 ex
517 1364 625 1428 amicis
652 1364 685 1427 in
711 1364 854 1428 inimicos
877 1371 1009 1439 mutare,
1039 1383 1110 1425 cum
1137 1361 1193 1425 illa
1221 1360 1311 1427 domo

81 1478 189 1542 eiecta
211 1477 278 1560 ipse
299 1497 422 1560 quoque
446 1497 484 1540 ex
507 1476 632 1542 illorum
656 1476 801 1540 domibus
829 1476 946 1540 eiectus
969 1472 1097 1555 sis‘·⁷¹⁸).
1152 1475 1205 1538 Est
1229 1476 1312 1540 enim

84 1590 306 1670 metuendum,
329 1611 368 1654 ne
392 1590 524 1654 divortio
548 1611 620 1654 cum
644 1610 740 1654 uxore
762 1591 844 1653 iacto
867 1610 976 1672 graves
999 1589 1094 1653 totius
1118 1588 1184 1652 eius
1212 1589 1313 1670 gentis

84 1702 273 1766 inimicitias
288 1701 449 1786 suscipias.
495 1701 647 1766 Similiter
664 1703 696 1766 in
712 1700 839 1766 Terenti
855 1702 1009 1792 exemplo,
1026 1722 1087 1785 quo
1104 1701 1142 1766 ad
1159 1700 1233 1765 Heo.
1249 1701 1311 1766 211

85 1815 248 1894 utebatur,
272 1815 380 1880 aiiines
404 1823 493 1879 erant
519 1815 599 1899 φιλοι
633 1815 793 1899 appellati,
828 1835 905 1898 quos
939 1813 1083 1878 inimicos
1116 1815 1213 1878 iactos
1246 1834 1313 1877 esse

83 1949 186 1992 senex
210 1927 263 1990 ille
287 1927 385 1992 dolet:
410 1937 476 1990 tam
498 1939 600 1990 autern
615 1949 651 1990 es
672 1929 781 1989 amicis
803 1928 928 1989 inimici
948 1938 983 1990 ut
1004 1929 1068 1989 sint
1089 1926 1175 1990 nobes
1204 1925 1313 2010 affines

75 2041 182 2124 sacis.
227 2039 370 2104 Fortasse
392 2041 425 2104 in
453 2040 511 2103 hao
541 2039 800 2124 interpretatione
835 2039 948 2122 aliquis
982 2040 1196 2124 reprehendet,
1231 2040 1313 2125 quod

86 2155 188 2218 verba
211 2151 259 2217 ἴσα
275 2156 453 2236 φρονοῦντας
469 2151 516 2215 ἴσα
533 2153 671 2220 πνέοντας
687 2152 726 2216 ad
744 2152 882 2216 mulieris
899 2153 1007 2216 affines
1023 2153 1208 2232 referuntur,
1233 2174 1313 2237 quae

83 2265 194 2351 potius
216 2267 248 2329 in
273 2266 416 2348 coniuges
439 2266 606 2330 concordia
629 2274 660 2329 et
683 2286 788 2329 amoro
811 2267 993 2329 coniunctos
1010 2268 1118 2329 cadere
1135 2265 1312 2330 videantur.

83 2381 129 2442 At
154 2377 201 2440 illi
225 2377 351 2461 quidem
373 2378 456 2442 inter
479 2398 511 2442 sc
536 2377 729 2442 discordant!
777 2377 860 2441 Haeo
882 2378 951 2461 ipsa
975 2387 1021 2441 est
1049 2398 1142 2441 causa
1170 2377 1311 2441 divortii!

83 2490 170 2568 Quid
194 2489 285 2573 ergo?
332 2490 485 2555 iiielesius
508 2490 541 2554 in
567 2490 669 2574 prima
693 2489 828 2554 editione
852 2490 982 2555 verbum
1006 2494 1059 2574 ξῆν
1084 2499 1153 2573 post
1175 2489 1312 2560 πνέοντας

181 2744 213 2810 ⁷⁰)
232 2745 369 2798 Traditum
393 2751 434 2798 est
453 2745 475 2797 εί
494 2747 540 2816 γὰρ
559 2743 632 2814 τέχοι
651 2745 686 2813 μὴ
707 2744 834 2811 ἐπιτηδεία
853 2745 981 2813 γενομένη,
1009 2743 1037 2797 in
1057 2760 1109 2811 qno
1129 2760 1176 2811 per
1195 2761 1223 2798 se
1244 2746 1315 2798 nihil

86 2839 130 2886 est
150 2831 365 2901 vituperandum.
404 2833 470 2886 Nam
489 2831 612 2886 similiter
631 2833 796 2885 Democritus
820 2836 846 2884 et
866 2833 1015 2885 Herodotus
1036 2832 1174 2900 ἐπιτήδειος
1199 2834 1231 2886 de
1258 2833 1312 2886 filio

85 2927 213 2986 utuntur,
242 2921 287 2989 qui
310 2921 380 2989 patri
403 2920 555 2973 commodus
580 2925 621 2973 est
648 2921 694 2986 (cf.
713 2921 787 2973 Dem.
811 2919 843 2972 fr.
862 2919 921 2973 277.
946 2920 1043 2973 Herod.
1063 2920 1101 2971 lli
1127 2920 1168 2973 52.
1195 2921 1233 2973 IX
1258 2921 1312 2984 37).

85 3008 142 3060 Sed
162 3009 223 3076 γυνὴ
244 3008 392 3061 subiectum
415 3009 521 3076 longius
542 3014 667 3061 remotum
693 3015 741 3072 est,
768 3023 846 3074 quam
870 3011 900 3058 ut
923 3007 985 3059 inde
1012 3010 1125 3074 petatur.
1169 3007 1315 3074 Propterea

85 3099 229 3164 Sauppius
248 3097 354 3165 scripsit
372 3097 388 3166 ἡ
402 3098 558 3165 γαμουμένη,
578 3097 724 3150 Meinetrius
738 3096 753 3165 ἡ
768 3096 888 3165 ἀγομένη,
908 3096 977 3163 quod
991 3101 1132 3164 utrumque
1147 3111 1201 3148 non
1217 3095 1312 3162 placet

88 3185 157 3237 Nam
182 3184 310 3252 γίγνεσθαι
337 3185 386 3236 hoc
409 3185 465 3237 loco
490 3187 588 3252 optime
613 3184 712 3236 dictum
738 3189 786 3248 est,
816 3199 874 3235 cum
903 3182 936 3235 de
964 3199 1051 3236 rerum
1080 3191 1179 3236 eventu
1207 3189 1310 3252 agatur.

86 3273 215 3325 Fortasse
234 3287 248 3324 e
268 3273 346 3340 γάμος
365 3272 513 3324 subiectum
532 3272 629 3339 aliquis
649 3273 806 3324 sumendum
827 3286 885 3324 esse
910 3272 1054 3324 arbitratus
1073 3287 1095 3324 e.
1109 3286 1135 3339 g.
1155 3271 1247 3325 afferet
1267 3275 1314 3326 Ar.

87 3359 163 3412 Plut
183 3358 247 3412 502:
276 3358 364 3412 πολλοὶ
392 3354 529 3412 πλουτοῦσι
623 3359 719 3416 ἀδίκως
747 3359 811 3412 αὐτὰ
839 3358 1022 3426 ξυλλεξάμενοι.
1068 3359 1108 3411 ΡΙ.
1134 3359 1232 3412 Phaed.
1257 3360 1314 3414 58b

85 3447 246 3500 πλοῖον
270 3446 370 3505 adroic.
417 3449 452 3500 At
481 3447 599 3519 χρήματα
626 3464 640 3501 e
664 3446 811 3510 πλουτοῦσι,
840 3445 961 3504 πλέοντας
985 3464 998 3500 e
1022 3444 1109 3498 πλοῖον
1134 3464 1237 3500 sumere
1261 3455 1314 3501 tam

87 3535 187 3587 durum
213 3551 267 3587 non
291 3543 333 3586 est
356 3545 432 3600 quarn
453 3535 513 3604 γυνή
535 3551 549 3586 e
568 3535 656 3603 γάμος.
693 3534 805 3587 Accedit
828 3541 924 3599 autem,
949 3533 1020 3602 quod
1045 3535 1107 3586 Ant.
1133 3536 1204 3588 inira
1228 3543 1313 3588 neutr.

86 3623 161 3691 plur.
180 3624 212 3674 τὰ
231 3621 419 3690 ἐπιτηδειότατα
439 3623 510 3682 dicit
530 3623 578 3675 ubi
597 3637 638 3674 res
657 3622 788 3674 secundas
808 3623 924 3690 opponit
942 3623 1024 3675 rebus
1038 3622 1157 3675 adversis
1171 3623 1213 3689 (τά
1226 3623 1313 3692 παλίγ-

82 3711 173 3776 Ιτοττι).
211 3709 315 3762 Etenim
339 3710 408 3763 solet
431 3711 522 3764 eedem
547 3711 627 3764 rerba
650 3727 680 3764 ac
699 3710 797 3763 formas
821 3725 926 3763 serrare
950 3725 979 3762 ao
1006 3717 1132 3778 repetere,
1159 3728 1211 3780 qua
1235 3711 1267 3765 de
1287 3729 1314 3766 re

85 3799 164 3852 inira
187 3797 315 3851 dicemus.
357 3799 499 3866 Propterea
522 3799 664 3853 verisimile
692 3804 733 3851 est
756 3815 815 3850 eum
840 3799 923 3866 primo
947 3797 1003 3850 icco
1027 3799 1166 3866 scripsisse
1186 3800 1313 3870 ἐπιτήδεια

85 3885 222 3954 γενόμενα,
243 3885 314 3954 quod
333 3886 454 3940 Blassius
474 3887 598 3940 restituit.
640 3887 712 3939 Idem
733 3886 866 3939 Dielesius
886 3889 913 3938 in
933 3886 953 3938 Ι.
973 3887 1036 3940 edit.
1057 3887 1164 3956 recepit,
1184 3889 1213 3940 in
1232 3887 1315 3940 altera

86 3974 199 4028 codices
218 3978 324 4028 secutus
345 3988 394 4028 est.
432 3973 649 4027 Wilamowitzius
668 3991 697 4028 se
717 3974 874 4028 emendasse
893 3982 985 4042 sperat
1009 3975 1030 4027 εἰ
1048 3977 1094 4044 γὰρ
1113 3975 1186 4048 sopor
1205 3976 1241 4044 μὴ
1261 3975 1312 4028 ἐπι-

85 4061 193 4132 τηδείαν
213 4061 335 4130 ἀγόμενος
353 4062 396 4124 (ci.
416 4063 477 4116 Eur.
497 4063 622 4115 Androm.
642 4061 711 4124 206).

184 4148 218 4214 Π)
238 4150 278 4202 De
297 4149 428 4218 asyndeto
447 4152 475 4204 in
495 4150 542 4202 111.
562 4166 620 4217 cap.
640 4148 767 4202 dicemus.

182 4234 235 4298 ΠΕ)
255 4237 294 4289 De
312 4237 439 4291 affinibus
460 4239 508 4291 hoc
528 4239 585 4290 loco
604 4239 648 4305 agi
667 4236 869 4290 Wilamowitzio
895 4238 948 4304 ipsi
967 4253 1071 4305 qnoque
1092 4253 1250 4306 persuasum
1271 4241 1312 4288 est

86 4325 146 4393 qui,
167 4337 226 4374 cum
247 4324 310 4378 haec
329 4325 505 4392 scripsissem,
524 4341 554 4378 se
573 4325 661 4377 omnia
679 4341 746 4378 sane
765 4341 824 4378 esse
844 4326 948 4379 credere
962 4327 1098 4378 adnotavit
1118 4329 1144 4377 et
1159 4325 1220 4378 Eur.
1235 4324 1313 4392 Hipp,

86 4411 214 4478 satsqq.
232 4412 348 4465 conferri
367 4413 455 4466 iussit.
491 4413 583 4481 ltaque
602 4411 689 4472 ἀξιωσ.
708 4433 733 4466 ι.
753 4411 842 4472 ἀξιωθ,
861 4413 894 4465 ad
914 4413 1007 4465 affines
1022 4413 1109 4474 refert,
1129 4427 1195 4482 quos
1216 4411 1312 4481 dignos

85 4498 218 4552 habuerit
237 4500 346 4554 maritus
366 4500 474 4568 (nempe
494 4500 636 4566 affinitate)
657 4501 807 4569 dignusque
825 4502 859 4553 ab
879 4501 912 4553 iis
932 4501 1038 4554 habitus
1059 4500 1102 4553 sit.
