3128 5124
601 426 815 489 ..11-

91 598 177 664 πόλις
199 594 234 659 εὖ
257 537 441 679 πολιτῖθείη
465 593 526 659 οὔτ’
555 593 633 664 οἶκος
657 598 755 664 καλῶς
772 595 906 680 οἰκηθείη
923 596 1017 679 (Xen.
1035 596 1127 660 Mem.
1146 597 1235 681 lV4,
1251 598 1316 681 16).

92 708 171 773 Cum
196 709 293 793 igitur
315 709 387 773 boni
412 719 443 773 et
465 708 620 792 sapientes
642 729 734 791 saepe
762 707 800 772 ad
829 709 1025 772 concordiam
1055 709 1138 772 cives
1165 709 1318 773 cohortati

91 821 157 885 sint
171 819 218 903 ¹⁹),
243 829 311 884 tum
335 841 407 885 vero
430 821 603 905 Antiphon.
630 817 691 884 nisi
715 821 878 885 eoncordia
905 815 1037 902 valeiet,
1066 843 1131 886 rem
1158 823 1316 906 publicam

93 933 274 1017 civiumque
296 935 478 998 societatem
502 933 598 996 everti
623 953 805 1017 persuasum
829 933 948 997 habuit.
995 933 1055 998 Sed
1079 933 1141 998 illis
1168 936 1318 1019 tempori-

93 1045 203 1110 bussi
226 1047 296 1129 quis
325 1067 426 1109 mores
455 1046 503 1109 vel
532 1045 571 1109 ad
601 1044 796 1110 honestatem
823 1045 874 1109 vel
902 1046 940 1109 ad
970 1045 1119 1130 pietatem
1147 1067 1220 1130 ergo
1245 1048 1318 1111 deos

93 1158 209 1221 referre
237 1157 352 1240 voluit,
381 1158 461 1221 nihil
489 1158 593 1242 potuit
621 1160 741 1222 ellioere
768 1158 822 1238 (of.
843 1157 941 1222 Thuo.
971 1158 996 1220 V
1028 1160 1102 1237 111,
1124 1159 1153 1221 3.
1180 1159 1256 1240 105,
1272 1158 1317 1241 2).

93 1271 197 1346 Quare
220 1270 248 1334 ei
272 1271 325 1352 qui
349 1271 478 1335 honesta
501 1281 533 1335 at
555 1272 660 1355 turpia
682 1272 715 1335 in
739 1270 883 1353 opinione
908 1271 1112 1349 existimaret,
1137 1273 1246 1336 nonin
1263 1293 1317 1336 na·

92 1393 167 1445 tura
188 1383 299 1465 posita,
323 1382 400 1446 haeo
423 1383 517 1447 etiam
541 1382 582 1446 ad
605 1383 774 1447 utilitatem
798 1391 887 1447 erant
909 1383 955 1446 ita
977 1384 1162 1461 revocanda,
1185 1391 1222 1447 ut
1244 1405 1317 1468 pro·

93 1493 183 1558 deese
207 1493 332 1558 doceret
353 1495 493 1574 honesta,
518 1497 623 1580 turpia
645 1517 764 1559 nooare.
812 1498 915 1580 Atque
937 1496 968 1558 id
993 1497 1096 1579 ipsum
1120 1495 1318 1579 Thucydides

95 1605 207 1670 Melies
230 1607 305 1670 lacit
328 1607 466 1670 dieentes
489 1615 598 1670 contra
619 1608 838 1688 Athenienses,
862 1609 916 1692 qui
932 1629 1032 1691 neque
1048 1608 1144 1672 ullam
1162 1608 1320 1673 nisiinter

93 1738 186 1800 pares
209 1739 275 1782 esse
298 1719 453 1783 iustitiam
476 1727 508 1783 et
522 1720 713 1784 validissimo
731 1721 843 1803 cuique
858 1720 1034 1784 inferiorem
1053 1719 1161 1784 cedere
1177 1729 1319 1804 oportere

92 1839 241 1895 statuunt
269 1831 311 1913 (V
340 1831 391 1894 89.
426 1832 494 1914 90).
539 1832 590 1895 1111
619 1841 734 1914 autem,
763 1833 789 1896 si
823 1832 950 1916 quidem
984 1832 1107 1896 iustitia
1141 1831 1320 1917 posthabita

93 1942 266 2007 utilitatem
289 1943 410 2007 laudari
434 1965 559 2008 neeesse
586 1949 640 2026 sit,
670 1945 745 2029 ipsis
774 1945 1017 2008 Atheniensibus
1044 1945 1114 2008 usui
1144 1965 1209 2008 esse
1237 1945 1318 2007 11111-

95 2063 189 2118 mant
223 2057 382 2120 communi
416 2057 511 2120 saluti
539 2058 713 2142 providere:
742 2052 762 2139 ᾗ
792 2057 844 2139 μὲν
872 2057 907 2139 δὴ
942 2057 1096 2140 νομίζομέν
1129 2079 1161 2137 γε
1194 2059 1319 2140 χρήσι-

94 2166 212 2250 μον11)
236 2170 364 2252 (ἀνάγκη
386 2171 452 2252 γάρ,
476 2169 577 2250 ἐπειδὴ
603 2171 685 2252 ὑμεῖς
709 2170 786 2233 οὕτω
815 2169 893 2252 παρὰ
921 2171 953 2231 τὸ
982 2171 1089 2232 δίκαιον
1115 2171 1148 2234 τὸ
1177 2169 1320 2253 ξυμφέρον

93 2281 189 2363 λέγειν
220 2281 385 2363 ὑπέθεσθε)
418 2283 460 2364 μὴ
488 2282 639 2344 καταλύειν
668 2282 744 2364 ὑμᾶς
771 2284 808 2344 τὸ
842 2283 958 2346 κοινὸν
992 2281 1136 2363 σἰγαθόν.
1187 2281 1319 2347 Proinde

94 2404 228 2477 pareant
255 2394 316 2457 sibi
344 2395 564 2471 Athenienses,
594 2395 620 2458 si
648 2416 708 2458 non
737 2396 817 2477 quod
846 2395 964 2458 iustum
990 2396 1042 2475 sit,
1068 2403 1100 2458 at
1127 2403 1209 2459 oerte
1236 2394 1317 2478 quod

94 2505 293 2588 aequum’¹),
322 2528 361 2570 ne
388 2507 421 2569 id
449 2507 531 2589 quod
563 2506 633 2570 aliis
665 2507 839 2586 intulerint,
872 2507 932 2590 ipsi
965 2507 1139 2591 patiantur:
1167 2508 1216 2570 καὶ
1248 2508 1320 2590 πρὸς

93 2618 178 2699 ὑμῶν
212 2618 268 2703 οὐχ
297 2619 388 2702 ᾖσσον
416 2623 511 2692 τοῦτο,
540 2618 602 2701 ὅσῳ
630 2620 678 2682 καὶ
706 2619 752 2681 ἐπὶ
781 2619 902 2700 μεγίστῃ
938 2621 1061 2702 τιμωρίᾳ
1095 2619 1252 2702 σφαλέντες
1286 2618 1320 2682 ἂν

92 2737 155 2799 τοῖς
177 2729 275 2798 ἄλλοις
297 2733 480 2814 παράδειγμα
501 2731 644 2812 γένοισθε.

187 2844 272 2920 Quae
306 2865 376 2907 oum
416 2843 460 2906 ita
498 2844 570 2920 sint,
606 2863 668 2906 non
703 2844 886 2907 mirabimur
923 2844 1149 2926 Antiphontem
1185 2844 1316 2908 eandem

94 2955 250 3020 rationem
278 2957 374 3040 sequi.
437 2955 558 3020 Etenim
587 2976 657 3019 eum
687 2957 741 3039 qui
771 2958 897 3036 veritus,
926 2976 966 3018 ne
994 2955 1144 3020 damnum
1174 2956 1319 3041 aoeipiat,

94 3068 134 3130 ab
159 3067 274 3131 iniuria
298 3067 438 3147 desistat,
461 3067 680 3151 sapientiorem
704 3088 770 3131 esse
793 3067 826 3131 in
849 3068 885 3130 11.
902 3067 945 3131 58
968 3069 1097 3152 exponit
1132 3089 1227 3151 quam
1261 3067 1316 3150 qni

92 3201 128 3244 se
163 3180 268 3264 ipsum
302 3179 380 3243 nihil
415 3201 577 3264 passurum
620 3181 767 3264 opinatus
806 3180 895 3243 alteri
930 3181 1078 3243 iniuriam
1113 3180 1221 3243 afferre
1255 3201 1317 3244 non

94 3291 235 3356 dubitet:
259 3290 337 3360 ὅστις
360 3293 392 3354 δὲ
416 3294 467 3354 ἰὼν
491 3293 538 3354 ἐπὶ
561 3293 609 3354 τὸν
638 3293 760 3375 πλησίον
788 3298 885 3358 κακῶς
913 3295 1045 3374 ποιήσων
1069 3293 1210 3374 δειμαίνει
1234 3293 1274 3375 μὴ
1300 3291 1319 3354 ἃ

95 3405 177 3468 θέλει
202 3407 333 3486 ποιῆσαι,
358 3405 496 3486 ἁμαρτὼν
519 3405 628 3466 τούτων
652 3404 671 3466 ἃ
696 3407 735 3488 μὴ
754 3407 834 3467 θέλει
851 3405 1054 3486 ἀπενέγκηται,
1071 3405 1317 3488 σωφρονέστερος.

94 3516 226 3601 Propter
248 3517 446 3581 incommoda
468 3517 573 3598 igitur,
597 3539 677 3600 qnae
700 3518 850 3580 eveniunt
872 3517 1032 3599 improbis,
1055 3517 1235 3598 fugiendam
1258 3518 1318 3582 im·

94 3629 283 3714 probitatem
309 3628 356 3692 his
378 3628 482 3692 docet:
507 3628 585 3695 ὅστις
613 3632 644 3690 ὃὲ
672 3631 787 3711 δράσειν
816 3630 867 3711 μὲν
891 3627 981 3690 οἴεται
1007 3629 1072 3697 τοὺς
1096 3629 1186 3698 πέλας
1208 3636 1317 3700 κακῶς.

188 3819 219 3883 ¹⁹)
239 3819 272 3873 cf.
294 3819 410 3872 Democr.
431 3821 461 3872 11.
476 3821 535 3873 240.
556 3819 762 3884 1500101101.Β
782 3821 791 3872 l
816 3820 890 3890 55ss
911 3837 935 3888 p.
949 3819 1115 3889 4⁸29,7sqq.).

188 3906 221 3971 ²⁰)
242 3907 275 3959 Ut
296 3907 343 3978 hoo
363 3907 420 3960 loco
439 3909 562 3979 χρήσιμον
581 3907 607 3958 id
628 3907 762 3976 significat
786 3907 857 3974 quod
881 3909 1003 3960 omnibns
1030 3915 1070 3960 est
1090 3909 1157 3972 usui,
1184 3910 1222 3960 sie
1247 3909 1318 3975 apud

97 3995 252 4064 Euripidem
273 3996 352 4063 liqui
371 3997 468 4066 χρηστά
482 3993 638 4064 βοαλιθοοσι,
659 4000 722 4047 sunt
741 3995 890 4067 χρήσιμοι
909 3994 997 4046 πόλει
1016 3993 1069 4059 (01.
1084 3995 1206 4064 90911),
1226 4005 1320 4049 contra

95 4085 141 4151 qui
161 4083 279 4136 detrahit
300 4083 369 4151 quod
390 4085 485 4150 cuique
505 4086 594 4150 potest
613 4084 653 4134 eui
675 4083 803 4136 commodi
823 4099 912 4148 eausa,
936 4081 1025 4134 πόλει
1044 4083 1205 4153 ἄχρηστος
1223 4086 1321 4137 dicitur

95 4170 241 4236 (llereclid.
261 4170 299 4238 4).
338 4170 377 4224 01.
397 4171 490 4240 Suppl.
510 4171 621 4238 aeoaq,
639 4187 717 4238 quem
736 4171 822 4224 locum
843 4176 936 4238 postea
955 4171 1103 4223 afferemus.

186 4261 218 4322 ²¹)
237 4257 301 4311 ἀλλαΙ
319 4260 358 4328 τῷ
377 4259 414 4311 ἀεὶ
434 4261 460 4310 ἐν
480 4259 589 4326 νιινὸὑνιμ
609 4260 745 4326 γιγνομένῳ
765 4259 870 4312 εἶναιτὰ
884 4259 970 4312 εἰκότα
989 4259 1041 4311 aul
1060 4258 1166 4311 δίκαια
1180 4258 1235 4311 νιτλ.
1264 4259 1320 4312 Huc

95 4349 167 4402 nitor
187 4348 307 4400 codicum
328 4345 348 4398 0
368 4352 394 4400 et
413 4347 434 4400 G
453 4347 594 4414 scriptura,
614 4363 690 4416 quam
711 4348 820 4400 alterius
839 4347 956 4400 familiae
977 4363 1046 4399 unus
1066 4347 1187 4415 sequitur
1207 4347 1235 4411 Ε,
1259 4363 1319 4399 cnm

96 4438 125 4490 in
145 4435 256 4504 reliquis
282 4434 353 4488 desit
376 4435 427 4487 ael.
466 4435 552 4498 Quare
575 4437 618 4486 ναὶ
641 4433 724 4487 hiram
743 4435 833 4489 delent
856 4435 888 4488 G.
908 4437 1052 4499 Hermann,
1077 4434 1104 4486 0.
1125 4435 1207 4486 llude.
1250 4434 1320 4498 „Da-

97 4523 180 4578 durelt
203 4523 309 4576 verliert
327 4523 370 4577 die
391 4559 417 4576 ..
437 4523 659 4592 Argumentation
679 4523 726 4576 der
745 4523 835 4578 lleliar
854 4524 910 4576 ihre
930 4523 1041 4576 Pointe“
1061 4521 1204 4590 (Classen).
