3128 5124
770 392 984 458 -28..

263 587 338 650 opes
372 565 411 629 ad
447 565 535 630 beate
562 563 733 630 vivendum
761 563 839 629 nihil
866 563 971 630 velere
999 571 1090 649 putat
1115 564 1169 646 (cl.
1191 563 1229 628 fr.
1250 563 1302 628 77.
1325 563 1390 647 78).
1444 565 1501 628 Est

264 678 360 762 igitur
381 685 625 743 cousentaneum
643 676 871 760 Antiphontem
895 675 1035 742 refellere
1058 675 1147 742 illam
1176 697 1272 760 quam
1304 677 1498 762 praedicant

263 791 373 874 Cynici
396 791 542 854 ἀποίδειαν
565 799 597 854 et
628 790 751 874 ἠρεμίαν
778 789 1153 872 (ol.zellerl.c.111‘,
1181 789 1254 854 312.
1282 789 1372 873 326).
1423 790 1499 854 Per·
1538 871 1539 888 γ

262 923 392 968 suasum
417 903 500 968 enim
524 902 617 968 habet
640 922 713 967 vere
740 901 905 966 honestum
933 923 966 966 se
994 923 1057 967 non
1084 902 1241 986 praebere,
1271 901 1326 985 qui
1354 902 1393 966 ab
1427 924 1498 966 om·
1538 907 1539 912 ’

265 1015 357 1080 uibus
381 1015 605 1100 cupiditatibus
622 1035 657 1079 eo
679 1014 830 1078 vitiorum
852 1013 1017 1080 inlecebris
1040 1021 1179 1078 remotus
1203 1035 1244 1078 ue
1258 1014 1291 1078 in
1313 1015 1497 1100 periculum

162 1115 166 1123 ’
263 1128 392 1211 quidem
415 1127 530 1207 veniat,
555 1148 594 1190 ne
617 1127 655 1190 iis
678 1125 832 1206 vincatur,
856 1125 909 1190 sed
933 1127 986 1210 qni
1010 1125 1237 1211 cupiditatibus
1263 1127 1408 1211 superior
1441 1148 1496 1190 ex-

262 1239 379 1305 stiterit
400 1241 453 1322 (ir.
470 1239 544 1318 h9):
560 1240 646 1308 dour
669 1240 701 1302 δὲ
724 1243 782 1300 τῶν
805 1241 937 1324 αἰσχρῶν
960 1239 979 1322 ἢ
1003 1244 1062 1302 τῶν
1085 1243 1184 1302 κακῶν
1213 1238 1288 1320 μήτε
1316 1237 1496 1322 ἐπεθύμησε
1539 1262 1540 1290 ι

263 1355 339 1437 μήτε
367 1354 474 1436 ἥψατο,
503 1350 557 1415 οὐκ
585 1349 646 1414 ἔστι
674 1353 816 1435 σώφρων·
842 1350 875 1414 οὐ
903 1352 958 1436 γὰρ
987 1348 1052 1415 ἔσθ’
1082 1348 1200 1433 ότοσω)
1226 1353 1376 1436 κρατήσας
1403 1351 1498 1420 αιἰτδς

261 1465 363 1528 ἑαυτὸν
387 1464 508 1548 κόσμιον
535 1462 705 1548 παρέχεται.
752 1463 796 1528 cf.
817 1463 923 1549 Eurip.
940 1465 976 1528 fr.
993 1463 1056 1528 806
1079 1465 1107 1527 οἱ
1137 1469 1238 1548 πεῖραν
1271 1463 1305 1527 οὐ
1324 1466 1495 1533 δεδωκότες

263 1581 374 1660 μᾶλλον
398 1579 550 1645 δοκοῦντες
580 1577 600 1659 ἢ
628 1575 790 1660 πεφυκότες
816 1577 910 1660 σοφοί.
956 1577 1072 1642 Totum
1100 1576 1196 1659 igitur
1222 1597 1256 1640 se
1283 1577 1375 1642 homo
1403 1577 1494 1642 vitoe

262 1691 336 1754 dare
361 1689 510 1774 bonisque
534 1690 600 1754 eius
623 1697 705 1754 recte
732 1688 779 1752 uti
807 1689 908 1753 debet.
954 1689 1017 1754 Nec
1046 1709 1117 1754 vero
1145 1689 1177 1753 id
1209 1695 1314 1773 potest
1342 1689 1406 1753 nisi
1440 1711 1494 1753 au·

261 1779 362 1869 dendo
397 1809 491 1886 atque
525 1801 655 1884 agendo,
683 1803 726 1866 rei
761 1802 904 1886 publicae
938 1823 1065 1887 operam
1097 1802 1242 1866 navando
1272 1801 1328 1884 (cl.
1353 1803 1453 1866 Mem.
1479 1803 1493 1864 l

261 1915 372 1998 6,11).
418 1917 519 1993 Quare
541 1915 575 1979 in
598 1935 651 1980 eos
673 1914 842 1998 invehitur,
867 1916 921 1998 qui
944 1915 1062 1980 timidis
1091 1923 1122 1979 et
1150 1915 1273 2008 ignavis
1301 1914 1419 1980 animis
1449 1916 1493 1978 la·

262 2029 350 2092 bores
384 2028 541 2112 suscipere
568 2027 658 2092 veriti
685 2049 808 2112 semper
836 2027 1007 2092 haesitant:
1028 2027 1075 2092 Ἀ.
1104 2027 1133 2090 ἐν
1161 2033 1203 2112 τῷ
1234 2026 1306 2111 Περὶ
1332 2033 1386 2111 τῆς
1416 2030 1492 2111 ὁμο-

261 2140 354 2208 νοίας·
384 2137 494 2202 ‘dxreir
522 2139 568 2201 ἵνα
599 2137 682 2202 οὐδὲν
717 2137 799 2223 ἔργον
834 2138 936 2203 ὀκνεῖνΙ
977 2140 1029 2224 (ir.
1050 2140 1117 2223 hh).
1167 2140 1303 2205 Eosdem
1327 2141 1493 2224 vituperat

261 2253 297 2315 ir.
314 2253 369 2316 hl:
393 2251 477 2322 νόσος
500 2254 636 2316 δειλοῖσιν
661 2254 762 2336 ἑορτή·
786 2253 819 2317 οὐ
835 2253 889 2336 γὰρ
906 2254 1111 2336 ἐκπορεύονται
1127 2253 1175 2316 ἐπὶ
1196 2253 1306 2337 πρᾶξιν.
1343 2253 1387 2317 cf.
1405 2253 1489 2316 Xen.

263 2364 353 2428 Mem.
373 2365 420 2429 ΙΙΙ
444 2365 473 2448 l,
490 2367 523 2429 2:
548 2368 574 2430 sl
597 2367 629 2430 δέ
655 2391 692 2436 τις
716 2416 723 2431 .
748 2415 756 2430 .
780 2368 901 2434 δυνατὸς
929 2368 970 2428 ὢν
998 2372 1056 2430 τῶν
1083 2371 1136 2449 τῆς
1163 2365 1279 2434 πόλεως
1304 2367 1489 2450 πραγμάτων

261 2477 470 2557 ἐπιμελόμενος
492 2480 544 2560 τήν
567 2503 598 2541 τε
622 2479 704 2542 πόλιν
728 2478 823 2548 αὔξειν
847 2481 895 2542 καὶ
915 2478 1003 2547 αὐτὸς
1018 2479 1066 2541 διὰ
1081 2483 1166 2542 τοῦτο
1182 2479 1333 2560 τιμᾶσθαι,
1357 2477 1488 2559 ὀκνοίη

260 2591 297 2671 δὴ
322 2593 406 2654 τοῦτο
430 2593 574 2672 πράττειν,
598 2591 652 2656 οὐκ
676 2591 709 2655 ἂν
733 2592 853 2660 εἰκότως
876 2593 995 2659 δειλὸς
1017 2595 1178 2674 νομίζοιτο;
1204 2590 1403 2674 Thucydides
1433 2591 1488 2654 ho·

259 2703 378 2765 minem
400 2723 472 2767 vere
497 2703 721 2769 Atheniensem
743 2704 820 2768 dicit
843 2726 962 2769 navum
985 2711 1016 2767 et
1039 2703 1229 2770 industrium
1253 2703 1384 2767 essesut
1409 2705 1488 2786 μήτε

260 2813 363 2898 ἑορτὴν
386 2814 458 2878 ἄλλο
481 2839 508 2878 τι
530 2817 668 2898 ἡγεῖσδαι
690 2817 709 2900 ἢ
734 2817 766 2878 τδ
791 2816 826 2879 τὰ
848 2817 950 2880 δέοντα
973 2816 1078 2900 πρᾶξαι
1095 2815 1245 2899 ξυμφοράν
1261 2837 1292 2877 τε
1313 2813 1371 2899 οὐχ
1391 2815 1486 2898 ἧσσον

259 2927 385 3011 ἡσυχίαν
408 2928 616 3013 ἀπρόγμοναῆ
638 2929 779 3015 ἀσχολίαν
796 2931 932 2992 ἐπίπονον
955 2930 986 3010 (Ι
1009 2930 1060 3009 70,
1077 2928 1121 3012 8).
1166 2929 1235 2992 Huc
1252 2928 1397 3011 quamvis
1421 2949 1485 2990 non

259 3049 421 3124 procerte
448 3043 554 3106 referri
577 3051 679 3127 potest
701 3045 737 3107 fr.
754 3043 808 3122 56,
832 3064 892 3127 quo
921 3063 972 3106 eos
997 3041 1160 3127 Antiphon
1188 3040 1396 3124 reprehendit,
1429 3039 1486 3123 qni

259 3153 406 3217 inanibus
440 3155 542 3219 verbis
569 3177 601 3219 se
629 3156 757 3237 iactant,
787 3179 806 3218 a
832 3156 925 3220 rebus
953 3153 1095 3237 gerendis
1123 3153 1305 3217 abhorrent:
1333 3154 1425 3222 κακὸς
1453 3149 1479 3214 δ’

260 3263 295 3326 ἂν
319 3263 401 3348 (εἴη),
425 3268 451 3328 εἰ
474 3266 520 3329 ἐπ’
541 3267 647 3330 ἀποῦσι
673 3269 723 3347 μὲν
747 3269 794 3330 καὶ
819 3269 957 3350 μέλλουσι
980 3272 1040 3335 τοῖς
1063 3265 1202 3333 κινδύνοις
1225 3271 1262 3348 τῇ
1278 3268 1395 3348 γλώττῃ
1414 3267 1484 3349 δρα-

260 3375 375 3440 σόνεται
396 3379 444 3442 καὶ
468 3385 510 3463 τῷ
534 3379 629 3443 helan
646 3380 764 3463 ἐπείγει,
787 3381 819 3442 τὸ
836 3378 862 3443 δ’
884 3378 966 3462 ἔργον
988 3379 1022 3442 ἄν
1039 3384 1129 3463 παρῇ,
1151 3379 1240 3442 ὀκνεῖ.
1275 3379 1320 3442 Cf.
1338 3380 1483 3444 Democr.

260 3490 296 3552 ir.
313 3488 364 3553 82.
410 3492 455 3556 De
479 3492 536 3555 hac
561 3493 642 3556 enim
671 3514 704 3556 re
726 3493 955 3577 Antiphontem
983 3493 1165 3556 disseruisse
1193 3513 1231 3554 ex
1258 3490 1349 3555 initio
1377 3491 1414 3554 ir.
1440 3489 1482 3553 58

260 3601 462 3686 intellegitur,
492 3624 552 3687 quo
579 3606 739 3687 ignaviam
767 3606 812 3669 ita
839 3613 944 3670 tamen
973 3605 1097 3689 probat,
1125 3604 1152 3667 si
1180 3604 1217 3667 de
1245 3603 1362 3666 iniuria
1388 3600 1482 3666 alteri

259 3714 421 3778 inferenda
444 3716 614 3799 agatur⁶¹).
660 3717 718 3782 Hio
742 3726 873 3800 quaerat
896 3718 1065 3801 quispiam,
1089 3716 1164 3801 quid
1188 3717 1245 3780 hoc
1261 3715 1299 3780 ad
1320 3713 1481 3796 bpdoorcu?

260 3828 303 3890 At
324 3835 398 3891 sunt
420 3828 525 3910 ignavi
548 3828 635 3912 tales,
660 3831 714 3914 qni
742 3852 904 3914 nunquam
930 3831 963 3893 in
992 3830 1147 3893 sententia
1173 3835 1392 3914 permanentes
1418 3825 1481 3890 sibi

341 3983 377 4052 ⁶⁰)
400 3983 462 4037 ὅπου
486 3984 630 4054 Sauppius,
655 3986 784 4050 Blassius,
814 3987 859 4039 sed
885 3984 945 4038 ὅτου
969 3986 1137 4050 servandum,
1166 3985 1199 4039 cf.
1223 3986 1262 4038 Pl.
1288 3984 1381 4052 Symp.
1406 3981 1478 4036 l96h

260 4070 412 4141 σωρροσόνη
438 4072 467 4124 τὸ
496 4080 597 4142 κρατεῖν
625 4073 724 4143 ἡδονῶν
753 4075 796 4126 καὶ
818 4072 967 4141 ἐπιθυμιῶν.
1005 4074 1048 4126 Sic
1077 4073 1296 4141 distinguendum
1324 4077 1374 4124 est:
1404 4069 1479 4125 αὐτὸς

259 4160 347 4212 ἑαυτὸν
376 4161 482 4228 κόσμιον
510 4161 652 4232 παρέχεται.
691 4161 889 4230 cupiditatibus
914 4161 1051 4214 vincendis
1079 4161 1156 4214 homo
1180 4161 1237 4228 ipse
1260 4176 1289 4214 se
1314 4159 1477 4212 moderatum

259 4252 385 4316 praestat,
408 4248 439 4300 oi.
459 4249 491 4302 fr.
505 4247 538 4301 58
557 4257 612 4306 ταῖς
630 4249 730 4319 ἡδοναῖς
749 4251 885 4319 ἐμφράσσιι
904 4248 980 4306 αὐτὸς
999 4247 1096 4301 ἑαυτόν.
1138 4248 1178 4301 of.
1199 4247 1366 4315 Grillpsrzer‚
1392 4246 1475 4300 Jridin

259 4333 439 4389 v.'l'ol.12:
476 4335 606 4402 Besieqte·
627 4337 689 4388 Fehl
706 4338 736 4388 ist
755 4337 791 4387 all
809 4337 852 4388 dee
870 4338 1003 4388 Menscherr
1026 4337 1134 4404 Tupend,
1162 4336 1221 4388 Und
1238 4355 1275 4387 wo
1294 4335 1349 4386 keah
1368 4333 1472 4400 Komps,

258 4426 292 4475 dc
312 4427 345 4477 ist
364 4424 426 4475 cuch
444 4425 514 4475 keine
534 4425 629 4478 Mocht.

347 4511 379 4575 61)
398 4511 432 4564 cf.
451 4512 568 4578 Wilam,
587 4513 670 4567 Arist.
689 4529 715 4566 u.
735 4513 831 4566 Athen.
851 4513 863 4565 I
884 4512 941 4566 173.
