3128 5124
597 387 813 452 ..27...

87 563 192 626 oritus
214 561 249 626 in
272 562 308 624 fr.
337 560 397 625 227
428 559 518 626 dicit:
546 560 573 622 οἱ
602 561 740 643 φειδωλοὶ
768 560 816 622 τὸν
844 564 897 643 τῆς
925 559 1063 643 μελίσσης
1091 558 1167 622 οἶτον
1196 556 1314 644 ἔχουσιν

87 676 284 760 ἐργαζόμενοι
308 677 355 744 ὥς
377 673 432 736 ἀεὶ
456 674 678 757 βιωσόμενοι.
726 674 828 756 Atque
852 694 903 738 eos
925 673 1010 758 ipsos
1032 672 1195 757 Antiphon
1215 679 1315 753 notat,

87 788 149 872 qui
172 786 345 852 insatiabili
368 785 495 851 divitias
519 785 721 851 coacervandi
744 785 916 870 cupiditate
938 785 1024 849 ducti
1046 785 1085 849 iis
1113 806 1192 869 quae
1220 785 1315 870 possi·

87 901 199 982 deant,
234 920 408 984 numquam
436 897 574 963 contenti
601 899 673 980 sint,
701 897 756 962 sed
788 897 907 961 maiora
935 897 1091 982 possidere
1117 917 1239 982 semper
1267 919 1316 960 ou-

88 1012 193 1097 piant‚
219 1011 331 1095 quibus
354 1012 443 1096 quasi
465 1011 499 1074 in
522 1011 620 1076 altera
643 1010 708 1075 vita
730 1010 792 1074 frui
815 1009 923 1074 velint.
970 1010 1081 1094 ltaque
1108 1011 1174 1074 fieri
1202 1048 1245 1058 -—
1272 1009 1317 1074 sic

88 1121 179 1184 enim
210 1119 457 1184 concludendum
484 1126 531 1183 est
558 1119 585 1184 ei
613 1157 665 1199 —,
693 1127 729 1182 ut
755 1116 913 1182 molestias
941 1137 976 1180 ac
1003 1117 1229 1182 sollicitudines
1255 1117 1317 1182 sihi

89 1239 242 1318 parantes
265 1253 340 1296 vera
363 1232 451 1296 bonis
480 1231 636 1316 sapienter
664 1231 773 1294 utendi
801 1230 962 1315 voluptate
990 1237 1129 1294 careant:
1158 1231 1185 1292 ol
1212 1231 1245 1294 δὲ
1272 1230 1318 1312 ἐρ-

90 1346 253 1426 γαζόμενοι
288 1345 340 1426 μὲν
374 1345 422 1408 καὶ
457 1342 623 1427 φειδόμενοι
656 1345 705 1406 καὶ
743 1345 993 1425 ταλαιπωροῦντες
1031 1343 1078 1404 καὶ
1117 1341 1320 1426 προστιθέντες

89 1458 195 1539 (more
229 1458 345 1541 apium,
374 1457 412 1521 cf.
440 1457 529 1522 Deru.
558 1457 594 1522 ir.
623 1457 703 1538 227)
735 1456 854 1538 ἥδονται
885 1454 934 1518 οἷα
967 1454 1003 1536 δή
1036 1477 1077 1522 τις
1109 1454 1143 1517 ἂν
1175 1455 1318 1518 εἰκάσειεν

89 1571 232 1654 ἥδεσθαι.
278 1569 468 1652 ἀφαιροῦντες
490 1569 522 1632 δὲ
545 1569 593 1632 καὶ
617 1570 768 1652 χρώμενοι
792 1568 927 1650 ἀλγοῦσιν
951 1569 1048 1651 ὥσπερ
1073 1568 1131 1632 ἀπὸ
1161 1573 1218 1632 τῶν
1250 1588 1318 1651 σαρ-

90 1688 156 1746 κῶν
180 1681 388 1766 ἀφαιρούμενοι
412 1680 463 1764 (fr.
487 1682 555 1764 53).
601 1679 702 1758 Quid?
747 1701 785 1744 ex
808 1680 856 1759 iis,
881 1701 961 1762 quae
985 1680 1186 1760 contulimus,
1213 1700 1318 1744 nonne

91 1796 172 1860 satis
195 1802 325 1880 apparet
346 1794 464 1858 nullius
487 1793 651 1858 sententiis
674 1793 901 1877 Antiphontem
918 1795 1047 1879 propius
1063 1794 1208 1858 accedere
1223 1815 1319 1878 quam

93 1906 288 1972 Democriti?
334 1907 363 1970 ls
385 1908 469 1970 enim
492 1907 549 1971 etsi
574 1906 657 1970 vitae
681 1906 770 1971 bonis
793 1906 959 1972 fruendum
977 1927 1043 1971 esse
1058 1906 1169 1971 statuit
1184 1907 1236 1987 (fr.
1253 1907 1319 1971 200
1383 1874 1389 1896 ⁹

91 2022 257 2104 ἀνοήμονες
281 2020 391 2103 βιοῦσιν
414 2019 448 2082 οὐ
471 2019 643 2104 τερπόμενοι
667 2020 778 2103 βιοτῇ),
801 2027 908 2084 tamen
932 2041 1000 2086 cum
1026 2019 1131 2085 omnia
1147 2018 1264 2084 caduca
1287 2027 1317 2082 et

91 2135 222 2198 infirma
245 2153 310 2196 osse
333 2153 405 2200 cum
428 2132 622 2218 Antiphonte
646 2131 699 2215 (cl.
724 2133 761 2196 ir.
789 2131 847 2214 51)
876 2132 1066 2214 consentiat,
1094 2131 1192 2196 nihilo
1221 2132 1320 2215 magis

93 2267 192 2329 quam
224 2244 277 2308 ille
304 2245 518 2329 voluptatibus
545 2244 780 2326 indulgendum,
807 2243 861 2308 sed
888 2244 993 2328 potius
1021 2245 1210 2330 cupiditates
1240 2265 1321 2308 coer·

92 2357 211 2424 caudas
244 2377 309 2422 esse
336 2365 450 2439 censet,
486 2365 521 2421 ut
554 2357 662 2442 paucis
690 2364 855 2422 contentus
882 2357 1052 2441 tranquillo
1083 2357 1187 2421 animo
1215 2356 1321 2422 vivas:

90 2474 246 2556 γινώσκειν
274 2473 370 2555 χρεὼν
399 2470 585 2554 ἀνθρωπίνην
609 2471 708 2554 βιοτὴν
737 2470 902 2554 ἀφαυρήν
932 2493 963 2534 τε
998 2469 1103 2534 ἐοῦσαν
1137 2470 1184 2532 καὶ
1208 2469 1323 2551 δλιηο·

92 2583 257 2668 χρόνιον,
293 2586 448 2666 πολλῇσι
476 2584 513 2647 δὲ
541 2584 645 2666 κηρσὶ
685 2583 993 2666 συμπεφυρμένην
1025 2584 1073 2647 καὶ
1112 2582 1323 2666 ἀμηχανίῃσιν,

94 2696 178 2763 ὅκως
209 2694 244 2760 ἀν
273 2719 314 2764 τις
343 2701 461 2779 μετρίης
490 2719 520 2759 τε
555 2695 675 2777 κτήσιος
705 2695 879 2779 ἐπιμέληται
916 2697 964 2758 καὶ
1003 2695 1152 2780 ἀμέτρητα
1187 2695 1234 2758 ἐπὶ
1266 2699 1326 2763 τοῖς

94 2807 278 2890 ἀναγιαίοισι
299 2808 488 2890 ταλαιπωρέη
511 2808 563 2888 (ir.
588 2807 675 2890 285).
720 2808 859 2892 Uterque
886 2808 1043 2872 neminem
1077 2807 1176 2890 magis
1215 2806 1324 2870 laudat

96 2942 196 3003 quam
231 2919 283 3003 qui
312 2921 436 2985 vincere
463 2941 496 2984 so
530 2921 631 3005 ipsum
660 2921 757 3004 possit
788 2920 877 3001 (Aut.
906 2921 942 2986 fr.
971 2918 1042 3002 58):
1073 2918 1263 3002 σωφροσύνην
1292 2921 1324 2982 δὲ

96 3034 206 3116 ἀνδρὸς
228 3033 282 3096 οὐκ
309 3032 344 3096 ἀν
372 3031 460 3101 ἀλλος
489 3031 645 3116 ὀρθότερόν
673 3057 715 3102 τις
741 3033 876 3116 κρίνειεν,
900 3032 925 3116 ,ἢ
955 3032 1033 3100 ὅστις
1058 3035 1110 3095 τοῦ
1137 3032 1235 3113 θυμοῦ
1263 3035 1326 3098 ταῖς

97 3149 284 3230 παραχρῆμα
306 3147 425 3228 ἡδοναῖς
447 3146 611 3230 ἐμφράσσει
634 3144 721 3212 αὐτὸς
743 3146 846 3208 ἑαυτὸν
870 3148 984 3227 κρατεῖν
1011 3168 1042 3207 τε
1069 3146 1117 3208 καὶ
1145 3148 1226 3207 νικᾶν
1255 3146 1323 3228 ἠδυ-

96 3259 180 3341 νήθη
205 3259 293 3326 αὐτὸς
315 3257 427 3321 ἑαυτόν.
452 3258 497 3322 Cf.
514 3259 655 3322 Democr.
679 3259 715 3322 fr.
739 3259 812 3322 214.
837 3258 909 3322 236.
957 3261 998 3321 At
1020 3256 1239 3322 Duemmlerus
1261 3257 1325 3320 Xe-

96 3370 269 3456 nophontis
292 3371 470 3435 testimonio
493 3369 663 3452 nititur⁵⁸)‚
687 3371 741 3454 qui
763 3370 931 3452 Socratem,
957 3391 1026 3434 oum
1051 3369 1213 3453 Antiphon
1234 3391 1272 3433 ex
1288 3391 1324 3435 eo

97 3483 303 3570 quaesiverit,
338 3504 392 3546 eur
420 3484 585 3567 pecuniam
613 3482 753 3565 accipere
783 3503 928 3546 recusans
958 3491 1023 3547 tam
1052 3483 1162 3546 misere
1196 3482 1324 3560 viveret,

97 3595 297 3680 respondisse
319 3603 440 3659 narrat:
465 3593 569 3666 ἔοικας,
594 3596 619 3658 ὦ
639 3594 796 3678 Ἀντιφῶν,
819 3597 872 3677 τὴν
894 3594 1076 3676 εὐδαιμονίαν
1100 3594 1225 3679 οἰομένην
1259 3618 1325 3677 τρυ·

96 3710 160 3794 φὴν
184 3709 233 3772 καί
256 3707 442 3771 πολυτέλειαν
466 3708 552 3772 εἶναι·
577 3708 634 3789 ἐγὼ
658 3709 690 3770 δὲ
714 3707 822 3788 νομίζω
845 3709 878 3770 τὸ
896 3708 948 3790 μὲν
965 3708 1090 3791 μηδενὸς
1107 3707 1222 3770 δεῖσθαι
1242 3707 1323 3770 θεῖον

97 3823 176 3887 εἶναι
200 3823 262 3884 κτλ.
284 3819 422 3902 (Meml
446 3822 476 3900 6,
495 3822 545 3884 10.
562 3820 692 3884 Vorsol.
716 3820 758 3885 80
780 3820 808 3882 A
832 3819 876 3901 3).
922 3820 976 3884 Est
991 3840 1061 3902 ergo
1077 3820 1324 3884 demonstratum

98 3933 332 4018 Antiphontem
361 3935 491 4018 t'ynioos
522 3953 582 3998 nou
612 3953 678 3997 esse
706 3932 863 3996 secutum!
909 3931 1018 4016 Neque
1048 3931 1131 3996 enim
1161 3931 1241 3995 alius
1268 3931 1326 3994 hoc

97 4049 170 4112 loco
193 4065 228 4109 se
249 4045 338 4110 offert
360 4045 502 4109 Socrates
524 4045 584 4109 nisi
609 4046 752 4129 Cynicus,
776 4045 891 4130 quippe
915 4044 967 4128 qui
992 4043 1149 4129 sophistae
1165 4043 1323 4108 luxuriam

98 4157 281 4244 opprobrat,
306 4157 387 4242 quod
411 4165 625 4243 paupertatem
651 4179 710 4222 uon
728 4155 893 4238 laudet⁵⁹).
939 4156 1080 4221 Concedo
1097 4156 1323 4241 Antiphontem

99 4269 270 4356 pecuniam
305 4291 366 4334 non
399 4269 622 4355 contempsisse
648 4269 701 4352 (cl.
730 4270 821 4332 Mem.
850 4268 863 4331 l
892 4268 921 4351 6,
940 4269 984 4350 3).
1034 4269 1098 4332 Neo
1127 4269 1323 4333 Democritus

195 4409 227 4474 ⁵⁸)
247 4410 264 4461 l.
283 4426 304 4464 c.
325 4425 350 4478 p.
364 4409 394 4462 81
408 4425 448 4478 sq.

195 4495 228 4558 ⁵⁹)
247 4497 296 4551 hoc
315 4501 385 4551 recta
404 4497 462 4564 ipss
483 4495 666 4550 Duemmlsrus
686 4497 702 4548 l.
717 4513 738 4549 c.
759 4513 785 4564 p.
798 4496 841 4548 81.
