3128 5124
766 421 979 488 ..60-

260 595 368 668 εἴθιζον
391 593 459 664 τοὺς
481 595 586 661 παῖδας
609 593 794 678 ἄρχεσθαι.
833 591 1174 657 cumbremare
1199 597 1256 655 τῶν
1280 591 1307 657 δ’
1328 593 1483 674 ὀνομάτων
1560 663 1561 672 2

260 713 303 792 τῷ
327 707 379 789 μὲν
402 711 528 789 σοφιστῇ
553 705 716 788 ὁμωνυμίαι
739 707 881 790 χρήσιμοι
904 705 999 788 (παρὰ
1020 705 1126 774 τούτοις
1147 705 1201 789 γὰρ
1224 705 1405 789 κακουργεῖ).

347 819 416 883 Nou
443 819 560 883 mirum
587 826 635 882 est
661 819 900 904 Antiphontem,
928 839 1001 882 cum
1024 839 1042 880 a
1065 817 1221 882 cotidiano
1254 839 1396 883 sermone
1424 818 1482 882 ab·
1560 877 1561 880 ,

261 931 399 1013 horreat,
434 931 646 994 naturalem
679 931 877 995 verborum
911 930 1081 995 ordinem
1114 951 1208 1015 saepe
1236 937 1482 1013 commutare,
1560 971 1561 982 ι

261 1044 327 1108 sive
354 1043 466 1125 figuras
495 1042 654 1127 respiciat,
689 1049 725 1107 ut
753 1047 784 1106 in
812 1043 848 1106 fr.
870 1042 912 1106 58
939 1042 1092 1124 δειμαίνει,
1122 1044 1162 1125 μὴ
1192 1042 1210 1104 ἃ
1241 1043 1322 1106 θέλει
1350 1047 1483 1125 ποιῆσαι,

262 1157 400 1238 ἁμαρτὼν
427 1155 547 1230 τούτων,
575 1155 594 1217 ἃ
618 1157 659 1238 μὴ
682 1154 764 1218 θέλει
787 1154 982 1237 ἀπενέγκγται
1009 1175 1065 1240 pro
1089 1155 1130 1239 μὴ
1155 1155 1294 1237 ἁμαρτὼν
1317 1155 1438 1234 τούτων,
1463 1155 1483 1218 ἃ

262 1269 343 1332 θέλει
365 1272 496 1352 ποιῆσαι,
520 1266 713 1351 ἀπενέγκηται
736 1267 755 1330 ἃ
779 1270 820 1352 μὴ
845 1266 935 1348 θέλει,
958 1269 1023 1332 sive
1046 1267 1240 1350 singulorum
1263 1268 1431 1332 verborum
1450 1269 1484 1331 vi

263 1404 298 1445 ao
321 1381 452 1465 ponderi
475 1380 710 1445 collocationem
734 1379 923 1460 accomodet,
947 1387 983 1443 ut
1006 1382 1037 1444 in
1061 1382 1097 1443 lr.
1115 1379 1156 1444 49
1180 1379 1268 1456 ἆθλα,
1292 1379 1441 1444 δελέατα
1464 1381 1484 1443 ἃ

263 1495 279 1558 ὁ
296 1494 365 1562 θεὸς
381 1491 490 1556 ἔδωκεν
507 1494 683 1576 ἀνθρώποις,
702 1494 864 1574 μεγάλων
880 1494 995 1555 πόνων
1011 1494 1069 1564 καὶ
1085 1493 1244 1576 ἱδρώτων
1260 1493 1312 1562 εἰς
1329 1493 1485 1574 ἀνάγκας
1533 1479 1536 1483 ’

262 1606 434 1670 καθιστᾶσιν
466 1605 519 1688 (de
552 1606 618 1670 loco
652 1626 740 1690 pron.
773 1606 861 1669 relat.
891 1606 929 1668 cl.
952 1605 1081 1669 Wilam.
1110 1605 1149 1668 ad
1176 1606 1268 1669 Herc.
1296 1605 1385 1686 457),
1417 1607 1484 1669 sive

262 1739 407 1784 numeros
435 1727 598 1802 sequatur:
628 1717 701 1801 ὑπέρ
728 1741 759 1780 τε
782 1722 832 1780 τοῦ
857 1717 920 1801 βίου
944 1721 996 1800 τῆς
1018 1721 1172 1800 συλλογῆς,
1200 1739 1262 1801 qua
1285 1717 1323 1782 de
1346 1739 1378 1782 re
1402 1717 1485 1782 infra

263 1831 412 1895 dicemus.
458 1830 611 1895 Similiter
633 1831 761 1914 Gorgias
784 1830 964 1914 hyperbatis
988 1830 1080 1910 ludit,
1107 1830 1145 1893 cl.
1169 1830 1239 1893 Hel.
1259 1831 1297 1894 1⁶2
1320 1830 1406 1912 λόγος
1428 1830 1484 1914 γὰρ

263 1945 364 2028 ψυχὴν
388 1945 404 2006 ὁ
426 1921 537 2017 τείσας,
560 1943 596 2026 ἢν
620 1941 745 2017 ἔπεισεν,
768 1944 917 2025 ἠνάγκασε
939 1941 992 2024 (cl.
1018 1942 1106 2006 blass
1128 1943 1148 2005 l.
1167 1965 1191 2006 c.
1218 1964 1246 2026 p.
1264 1942 1328 2024 ll).

350 2055 517 2120 Oratorum
555 2076 640 2118 more
675 2056 748 2118 Aut.
787 2076 839 2118 eos
877 2055 928 2139 qui
968 2054 1075 2137 legunt
1108 2054 1485 2136 interrogationibus
1560 2043 1561 2058 ¹

264 2168 390 2247 excitat,
415 2168 503 2232 utin
527 2169 564 2230 ir.
582 2167 624 2231 49
647 2167 675 2229 τί
697 2188 768 2231 cum
792 2168 986 2251 anaphora
1009 2166 1150 2231 adhibet:
1174 2168 1204 2229 τί
1222 2167 1277 2250 γὰρ
1301 2169 1382 2250 ἥδιον
1400 2217 1407 2230 .
1426 2217 1432 2230 .
1451 2217 1485 2230 ..

250 2280 294 2346 ,τί
313 2281 345 2343 δὲ
373 2280 559 2363 γλυκύτερον,
585 2301 681 2364 supra
706 2279 736 2342 τί
763 2279 821 2364 χρή
851 2283 922 2357 κτλ,
950 2279 1032 2342 inira
1058 2279 1088 2341 τί
1114 2277 1163 2342 οὖν
1187 2283 1247 2343 κτλ.
1272 2277 1398 2342 οὐκοῦν
1422 2283 1486 2344 κτλ.
1560 2301 1561 2310 ’

265 2392 463 2475 Thucydides
490 2393 646 2456 rarissime
675 2392 972 2475 interrogationibus
999 2391 1108 2474 utitur,
1137 2413 1229 2476 saepe
1252 2392 1427 2476 Xenophon
1454 2402 1487 2456 et
1560 2445 1561 2476 ,

267 2512 405 2568 oratores
431 2505 532 2588 Gorg,
556 2505 630 2568 Ant.
655 2504 713 2568 Rh.
737 2503 790 2586 (cf.
815 2505 902 2567 Blass
924 2507 961 2568 A.
979 2504 1015 2567 B.
1038 2526 1068 2589 p.
1088 2505 1158 2567 145.
1175 2504 1262 2587 220).

350 2617 429 2681 Cum
462 2617 499 2682 ds
527 2637 651 2680 summa
679 2638 711 2678 re
739 2617 859 2699 agitur,
895 2617 993 2680 oratio
1022 2616 1163 2680 ascendit
1190 2616 1229 2679 ad
1257 2617 1486 2680 sublimitatem
1560 2609 1561 2612 ¹

263 2729 451 2813 tragoedias,
481 2738 516 2792 ut
544 2730 578 2793 in
601 2730 638 2792 fr.
655 2729 710 2792 49:
740 2729 814 2810 αὕτη
837 2730 856 2811 ἡ
880 2728 987 2810 ἡμέρα,
1014 2729 1088 2810 αῦτη
1111 2729 1131 2811 ἡ
1155 2728 1203 2796 ubi
1227 2733 1326 2812 καινοῦ
1350 2730 1489 2812 δαίμονος

265 2840 427 2926 ἄρχει111),
457 2846 556 2904 καινοῦ
586 2840 710 2923 πότμου.
763 2840 867 2904 Habes
896 2841 1055 2922 ἀσύνδετα,
1084 2841 1319 2925 ἐπανάληψιν,
1347 2843 1487 2925 ποιητικὰ

264 2955 403 3038 ὀνόματα.
460 2955 539 3018 Item
577 2952 626 3018 ἴσα
666 2959 843 3038 φρονοῦντας
884 2953 932 3016 ἰ’σα
971 2953 1118 3022 πνέοντος.
1175 2955 1261 3018 More
1295 2953 1487 3036 tragicorum

262 3067 403 3151 scriptor,
427 3075 462 3130 ut
485 3069 634 3131 maiorem
658 3067 703 3131 rei
727 3066 790 3130 vim
814 3066 942 3144 tribuat,
966 3068 1061 3130 verba
1085 3074 1139 3130 aut
1161 3067 1270 3130 eadem
1293 3067 1407 3150 repetit
1431 3076 1489 3130 aut

264 3181 443 3264 propinqua
469 3187 500 3243 et
527 3199 711 3261 synonyma.
762 3179 807 3242 Cf.
837 3177 982 3263 sopho.
1001 3179 1035 3242 R.
1055 3179 1137 3243 1193
1165 3180 1213 3242 τὸν
1245 3178 1294 3242 σόν
1323 3182 1489 3262 τοιπαρά-

264 3285 359 3374 δειγμ’
386 3290 476 3376 ἔχων,
499 3292 547 3354 τὸν
572 3292 622 3353 σὸν
646 3291 779 3373 δαίμονα,
803 3291 851 3353 τὸν
875 3293 935 3355 σόν.
981 3290 1100 3354 Similis
1124 3304 1171 3356 est
1193 3290 1398 3376 anaphora,
1423 3312 1489 3375 qua

265 3404 362 3468 Thuc.
391 3414 485 3488 atque
513 3404 608 3466 etiam
637 3403 765 3486 Gorgias
793 3403 965 3485 rarissime,
1001 3407 1075 3468 Ant.
1105 3413 1208 3468 orator
1233 3405 1357 3488 saepius
1384 3405 1489 3467 utitur

265 3515 318 3597 (ci.
352 3515 440 3578 Blass
468 3516 488 3578 l.
507 3537 532 3579 c.
564 3515 660 3600 pbss.
680 3515 753 3578 144.
771 3515 864 3598 220):
893 3516 930 3578 ir.
948 3515 990 3580 49
1019 3518 1148 3600 χαλεπαὶ
1176 3518 1413 3600 μὲν-χαλεπὸν
1442 3516 1487 3578 δέ.

264 3628 340 3690 Tres
355 3635 430 3691 sunt
445 3627 477 3691 in
493 3628 602 3691 eodem
624 3629 661 3690 ir.
677 3627 719 3691 49
735 3627 912 3712 anaphoras
932 3628 1157 3693 interiectionis
1176 3631 1243 3692 sive
1259 3629 1489 3692 adhortationis
1560 3701 1561 3712 γ

264 3742 335 3823 φέρε
357 3742 406 3823 δή,
430 3740 512 3803 unde
536 3761 709 3822 cognoscas,
733 3749 851 3824 quanto
875 3762 946 3804 cum
970 3744 1112 3826 strepitu,
1137 3750 1172 3804 ut
1194 3741 1240 3804 ita
1257 3740 1368 3823 dicam,
1392 3741 1488 3805 homo
1560 3737 1561 3746 ’

265 3854 303 3916 ad
331 3874 395 3916 rem
424 3852 560 3916 accedat.
606 3852 688 3917 Sane
717 3852 819 3916 multa
841 3853 904 3916 iam
929 3874 967 3916 ex
991 3855 1026 3917 fr.
1043 3853 1085 3917 49
1114 3853 1288 3930 attulimus,
1312 3853 1374 3916 alia
1397 3875 1488 3918 acce·
1560 3893 1561 3900 ι

264 3964 339 4028 dent
366 3965 509 4049 exempla
536 3965 685 4029 orationis
700 3987 771 4030 nou
795 3972 860 4028 tam
885 3965 987 4047 gravis
1010 3973 1041 4028 et
1064 3965 1203 4029 sincerae
1227 3987 1320 4049 quam
1344 3965 1490 4030 tumidae
1560 4005 1561 4014 ι

265 4083 297 4139 et
330 4077 464 4157 fucatae,
500 4099 593 4160 quam
627 4078 836 4160 Hermogenes
869 4077 902 4140 in
932 4076 1127 4161 Antiphonte
1161 4077 1293 4142 notavit.
1343 4077 1416 4161 φέρε
1447 4079 1488 4161 δή

354 4324 396 4390 11⁴)
416 4325 560 4380 Salmasius
581 4327 651 4398 ἄρχει
671 4329 781 4380 mutavit
795 4328 823 4380 in
836 4327 913 4396 ἀρχή.
941 4327 1018 4379 Male.
1049 4327 1115 4380 Nam
1135 4327 1206 4398 ἄρχει
1226 4331 1267 4380 est
1286 4327 1354 4380 bene
1374 4327 1490 4390 dictum,

263 4415 297 4468 ci.
316 4414 397 4468 Thuc.
416 4415 442 4468 ll
463 4414 494 4466 1‘2
518 4414 562 4484 ἥδε
586 4414 601 4483 ἡ
622 4415 703 4484 ἡμέρα
721 4423 774 4474 τοῖς
793 4411 902 4484 Ἕλλησι
920 4413 1038 4484 μεγάλων
1058 4421 1148 4468 κακῶν
1172 4413 1247 4485 ἄρξει,
1267 4415 1390 4468 similiter
1414 4417 1490 4470 Xen.

264 4501 333 4556 Hell.
352 4502 376 4555 ll
395 4501 464 4570 2,13.
