3128 5124
752 393 967 456 „12-

246 563 398 626 πείσεσθαι
421 561 445 626 δ’
467 561 512 638 οδ,
537 563 570 626 οὐ
595 568 751 646 σωφρονεῖ.
775 563 889 630 ἐλπίδες
913 561 940 626 δ’
961 563 995 626 οὔ
1019 567 1171 648 πανταχοῦ
1194 563 1319 646 ἀγαθόν·
1343 565 1472 637 πολλοὺς

245 677 300 759 γὰρ
324 681 454 739 τοιαῦται
477 677 589 745 ἐλπίδες
613 676 772 760 κατέβαλον
795 677 836 743 εἰς
858 675 1035 760 ἀνηκέστους
1058 677 1221 759 συμφοράς,
1249 677 1268 739 ἃ
1291 676 1317 738 δ’
1346 678 1471 740 ἐδόκουν

246 793 307 858 τοῖς
329 789 420 857 πέλας
442 791 582 872 ποιήσειν,
599 791 742 857 πείθοντες
758 793 849 852 ταῦτα
865 790 1050 874 ἀνεφάνησαν
1066 789 1158 853 αὐτοί.
1204 789 1249 853 Ex
1265 811 1326 873 quo
1347 789 1472 854 intelle·

247 902 330 985 gitur
345 923 401 966 nec
418 901 691 988 intemperantiam
707 911 833 986 propter
847 923 880 966 se
896 921 962 966 esse
974 902 1154 984 fugiendam
1166 903 1473 986 temperantiamque

247 1022 373 1098 propter
394 1015 566 1079 utilitatem
590 1011 854 1098 expetendam'').
900 1015 964 1078 Nee
980 1014 1072 1079 modo
1089 1036 1151 1078 non
1167 1035 1287 1094 nocere,
1303 1013 1358 1078 sed
1374 1017 1472 1078 etiam

246 1127 391 1212 prodesse
414 1127 506 1190 alteri
529 1133 659 1212 oportet,
684 1147 744 1209 quo
768 1127 825 1190 tibi
849 1127 909 1211 ipsi
932 1126 1070 1190 maxime
1093 1127 1240 1212 proderis.
1266 1125 1473 1191 Communem

247 1239 330 1303 enim
359 1239 498 1303 omnium
526 1259 593 1303 esse
620 1238 792 1302 utilitatem
824 1238 987 1322 Antiphon
1016 1239 1122 1302 fabula
1149 1239 1224 1302 satis
1252 1239 1389 1303 iucunda
1418 1240 1472 1303 de-

246 1358 410 1428 monstrat,
434 1372 515 1435 quae
538 1359 585 1415 est
608 1351 645 1414 de
668 1351 801 1434 pecunia
823 1357 906 1413 recte
929 1350 1045 1414 utenda
1067 1352 1118 1430 (fr.
1135 1351 1201 1434 54).
1261 1352 1385 1416 Avarus
1402 1351 1474 1434 qui·

247 1463 319 1527 dam
342 1463 462 1527 homini
486 1464 649 1547 pecuniam
673 1462 792 1548 petenti
815 1463 920 1526 fenore
943 1462 1017 1526 dare
1039 1472 1171 1526 recusat.
1218 1463 1272 1527 Est
1286 1465 1371 1528 enim
1387 1462 1473 1542 tolie,

247 1577 308 1644 οἶος
331 1577 492 1639 ἀπιστεῖν
515 1599 546 1638 τε
569 1577 618 1638 καὶ
642 1575 686 1656 μὴ
711 1577 867 1656 ὠφελεῖν
892 1574 1034 1657 μηδένα.
1081 1576 1325 1639 Amisso-autem
1343 1583 1473 1659 argento

196 1753 199 1758 Α
247 1689 448 1753 vehementer
475 1689 624 1772 queritur,
654 1687 774 1750 ὅτιούκ
797 1685 908 1770 ἔχρησε
935 1693 977 1771 τῷ
1006 1687 1150 1771 δεομένῳ,
1179 1689 1194 1752 ὃ
1223 1687 1261 1750 ἂν
1291 1687 1383 1771 αὐτῷ
1412 1691 1473 1750 καὶ

248 1807 340 1884 σῷον
363 1799 403 1883 ἦν
427 1802 483 1864 ναὶ
507 1800 632 1883 ἕτερον
655 1803 892 1883 προσέφερεν.
937 1801 1043 1883 Atque
1067 1801 1206 1885 paenitet
1229 1823 1301 1864 aum
1324 1800 1473 1885 maligni-

247 1914 336 1978 tatis:
371 1913 582 1996 ἀπωλοφέρετο
609 1914 661 1995 τἠν
690 1915 854 1996 συμφοράν,
877 1911 921 1974 ὅτι
949 1911 1093 1995 ἐξήμαρτε
1121 1915 1168 1976 καὶ
1196 1911 1240 1976 ὅτι
1262 1915 1289 1975 οἱ
1314 1913 1473 1995 μεταμέλει

248 2025 288 2087 οὐ
310 2024 558 2110 χαρισαμένιρ,
583 2023 656 2087 ἀλλ’
685 2026 978 2110 ἀχαριστήσαντι.
1025 2025 1070 2088 Ex
1095 2046 1156 2110 quo
1179 2026 1313 2090 eflicitur
1329 2027 1472 2108 eumqui

248 2157 311 2200 non
334 2143 496 2201 convertat
518 2137 682 2218 pecuniam
707 2138 739 2200 in
762 2158 855 2200 suum
878 2137 1072 2221 aliorumque
1097 2159 1197 2218 usum,
1222 2159 1328 2222 parem
1352 2157 1418 2200 esse
1441 2138 1473 2200 ei

248 2248 302 2331 qui
319 2269 443 2332 prorsus
459 2248 537 2312 nihil
554 2248 682 2312 habeat:
707 2248 767 2332 δτῳ
783 2251 837 2331 γάρ
853 2272 895 2316 τις
912 2249 952 2332 μὴ
977 2249 1158 2334 ἐχρήσατο
1183 2251 1258 2332 μηδὲ
1281 2252 1471 2334 χρήσεται,

250 2359 331 2430 ὄντος
351 2361 371 2443 ἢ
388 2362 428 2443 μὴ
451 2359 532 2430 ὄντος
552 2361 634 2445 αὐτῷ
657 2360 742 2423 οὐδὲν
763 2359 829 2424 οὔτε
849 2361 937 2424 πλέον
958 2360 1025 2424 οὔτε
1045 2360 1167 2425 ἔλασσον
1189 2359 1393 2447 βλάπτεται”)
1409 2366 1471 2427 κτλ.
1553 2399 1554 2402 ¹

248 2473 327 2548 Quid
356 2474 452 2555 igitur
478 2474 585 2537 fabula
611 2473 720 2539 docet?
760 2474 909 2538 Homines
941 2474 980 2536 ad
1008 2475 1087 2539 bene
1115 2476 1265 2557 beateque
1300 2475 1469 2539 vivendum

248 2579 321 2648 non'
334 2586 435 2648 solum
459 2606 514 2649 suo
537 2585 591 2649 sed
615 2587 709 2649 etiam
727 2586 854 2650 alterius
869 2586 1032 2650 commodo
1048 2587 1210 2670 providere
1225 2587 1351 2650 debent.
1389 2587 1470 2650 Nam

249 2697 394 2760 miseram
418 2698 516 2761 vitam
540 2697 680 2781 plerique
703 2698 772 2761 ideo
796 2705 902 2781 agunt,
927 2697 1009 2780 quod
1032 2699 1114 2762 inter
1136 2720 1169 2762 se
1191 2698 1236 2762 ita
1259 2699 1410 2781 invident,
1434 2709 1470 2762 ut

339 2902 371 2970 ²²)
392 2903 567 2968 Democritus,
587 2907 637 2958 etsi
656 2906 713 2972 ipse
733 2921 838 2974 quoque
857 2905 890 2958 ab
904 2905 1021 2958 utilitate
1038 2905 1216 2973 proficiscitur
1235 2906 1279 2971 (cl.
1299 2906 1332 2958 fr.
1346 2905 1397 2960 225
1410 2905 1472 2975 ἀλη-

248 2987 383 3058 θομυθέειν
402 2992 494 3062 χρεών,
514 2992 527 3044 δ
545 2992 609 3046 πολὺ
629 2992 716 3060 λώϊον,
735 2995 769 3045 cf.
788 2995 819 3046 ir.
833 2993 888 3061 39),
914 2998 1003 3046 tamen
1027 2995 1055 3047 in
1080 3010 1111 3046 ea
1134 3010 1189 3046 non
1212 2995 1343 3064 consistit,
1372 2994 1421 3046 sed
1439 3011 1469 3046 eu

250 3080 475 3149 progrediendum
497 3097 555 3134 esse
576 3085 661 3150 putat,
683 3087 713 3133 ut
732 3084 831 3135 bonum
850 3086 960 3149 propter
979 3099 1007 3134 se
1020 3083 1108 3149 ipsum
1122 3085 1245 3149 appetas:
1267 3083 1302 3150 μὴ
1322 3081 1362 3134 διὰ
1381 3083 1469 3152 φόβον,

250 3168 313 3220 ἀλλὰ
332 3168 372 3220 διὰ
391 3169 419 3221 τὸ
439 3169 495 3221 δέον
514 3168 653 3241 ἀπέχεσθαι
671 3171 863 3239 ἁμαρτημάτων
882 3171 924 3234 (ir.
938 3171 991 3230 41).
1030 3167 1146 3222 Maxime
1160 3170 1249 3222 differt
1262 3170 1293 3222 ir.
1308 3170 1372 3222 264:
1393 3170 1470 3240 μηδέν

249 3275 273 3308 τι
292 3256 386 3323 μᾶλλον
405 3259 465 3314 τοὺς
484 3256 633 3326 ἀνθρώπους
651 3256 773 3310 αἰδεῖσθαι
792 3258 882 3310 ἑαυτοῦ
902 3258 966 3327 μηδέ
985 3277 1008 3310 τι
1028 3257 1122 3325 μᾶλλον
1143 3256 1315 3327 ἐξεργάζεσθαι
1334 3259 1424 3324 κακόν,
1448 3259 1470 3310 el

249 3344 333 3412 μέλλει
352 3345 437 3415 μηδεὶς
456 3345 562 3414 εἰδήσειν
582 3345 597 3414 ἢ
617 3347 638 3398 εἰ
658 3347 681 3397 οἱ
699 3349 790 3402 πάντες
809 3344 951 3415 ἅνθρωποι·
973 3343 1026 3398 ἀλλ’
1038 3347 1134 3400 ἑωυτὸν
1149 3346 1257 3414 μάλιστα
1271 3345 1394 3399 αἰδεῖσθαι
1414 3347 1469 3399 ιιτλ.

250 3435 283 3485 ab
304 3432 407 3501 [lecca]
428 3435 462 3486 ad
481 3435 592 3486 Demon.
612 3435 624 3485 Ι
646 3435 677 3486 17
702 3433 800 3486 ἅπαντα
824 3434 893 3486 δόκει
912 3441 990 3487 ποιεῖν
1011 3435 1047 3491 ὡς
1065 3434 1159 3504 μηδένα
1178 3435 1279 3504 λήσων·
1303 3436 1346 3486 καὶ
1371 3437 1417 3504 γὰρ
1442 3435 1470 3486 ἂν

249 3522 393 3590 παραυτίκα
413 3521 522 3591 κρὺψης,
545 3520 646 3592 ὕστερον
672 3521 787 3592 ἀρθήσει.
825 3523 925 3576 Eodem
948 3530 1104 3591 argumento
1128 3524 1213 3575 utitur
1232 3523 1363 3590 Epicurus
1387 3523 1471 3588 (Sent.

250 3611 297 3665 sel.
313 3610 354 3662 34.
374 3609 417 3662 35.
438 3611 491 3674 Ua,
511 3610 544 3663 cf.
565 3610 618 3664 Cic.
639 3611 671 3662 de
691 3609 736 3662 fin.
757 3610 860 3676 11o,50
870 3614 928 3680 sq),
949 3612 995 3679 qui
1013 3611 1062 3662 hac
1080 3612 1109 3663 in
1129 3627 1155 3662 re
1176 3613 1342 3679 Aristippum
1361 3616 1470 3665 secutus

250 3705 292 3751 est
311 3699 355 3762 (cf.
374 3698 462 3750 Laert.
482 3699 559 3767 Diog.
579 3698 642 3762 8,8).
680 3699 797 3763 Quorum
822 3700 915 3751 eadem
939 3704 1078 3764 astatque
1098 3699 1274 3766 Antiphontis
1293 3701 1369 3766 ratio,
1392 3715 1469 3767 quam

250 3787 335 3840 nostri
363 3785 516 3854 philosophi
545 3788 691 3840 doctrinam
709 3787 876 3856 ,commodi
910 3790 992 3840 bene
1021 3790 1188 3855 perspecti
1217 3790 1257 3851 (de
1285 3786 1389 3839 l’r‘ute're‘t
1418 3790 1471 3838 tien

250 3875 363 3938 carenda)
382 3875 520 3943 appellant
540 3873 585 3940 (cf.
606 3875 734 3942 Gomperz
753 3875 770 3927 l.
784 3893 806 3928 c.
826 3876 867 3928 ΙΙ2
889 3875 936 3927 181
949 3876 1009 3943 sq).

234 4008 237 4017 .
338 3962 370 4025 23)
389 3963 442 4030 ἔχει
461 3963 603 4027 Nauchius,
624 3963 741 4032 βλέπεται
754 3963 909 4016 Buecheler.
946 3963 1151 4030 Exspectaveris
1171 3963 1242 4016 οὐδὲν
1262 3961 1320 4014 οὔτε
1335 3961 1473 4031 βλάπτεται

251 4049 308 4102 οὔτε
328 4049 462 4117 ὠφελεῖται
481 4050 564 4118 (ρυοιλ
583 4053 615 4102 ad
630 4049 702 4108 ὄντος
721 4053 833 4117 spectat)
853 4051 909 4102 sive
929 4066 1010 4102 unum
1030 4051 1147 4114 verbum,
1167 4051 1237 4119 quod
1251 4053 1373 4103 neutrum
1389 4051 1472 4118 signi·

250 4140 320 4191 ficat.
357 4138 409 4191 Sed
432 4140 455 4191 is
479 4141 525 4205 qui
549 4138 667 4205 loquitur
690 4140 722 4190 de
746 4139 842 4192 damno
867 4139 974 4206 cogitat,
999 4138 1069 4205 quod
1093 4139 1161 4191 alter
1184 4140 1312 4207 queritur.
1354 4138 1412 4201 Qua
1440 4140 1472 4190 de

251 4243 333 4280 causa
351 4243 404 4280 rem
425 4227 463 4280 ita
486 4227 618 4293 exprimit,
643 4232 673 4279 ut
696 4227 860 4279 commodum
886 4227 1053 4294 prominere
1078 4226 1245 4278 incommodo
1268 4228 1373 4280 habeat.
1411 4226 1472 4280 Non

251 4315 389 4367 dissimilis
408 4321 449 4366 est
468 4314 490 4366 is
511 4331 585 4378 usus,
606 4329 682 4380 quem
696 4313 914 4366 Wilamowitzius
928 4313 1070 4366 illustravit
1082 4315 1115 4366 ad
1129 4313 1205 4366 Herc.
1225 4331 1249 4365 ν.
1266 4313 1340 4376 1106,
1361 4314 1394 4367 cl.
1409 4317 1471 4366 Ant.

251 4403 301 4454 Rh.
320 4403 391 4454 Tetr.
412 4399 434 4454 B
450 4401 492 4470 β6
512 4403 536 4454 oi'
553 4421 580 4454 τε
600 4401 715 4453 ἑκουοιόν
734 4420 757 4454 τι
776 4401 885 4470 δρῶντες
898 4401 913 4470 ἢ
927 4403 1078 4473 πάσχοντες,
1098 4401 1169 4469 quod
1190 4403 1275 4454 critici
1295 4403 1358 4453 item
1379 4402 1471 4468 depra-

251 4493 355 4542 verunt.
