3128 5124
627 326 841 390 ...59-

121 497 394 576 Wilamcwitzius‚
425 498 483 562 etsi
510 518 593 562 nunc
621 498 808 562 sententiam
837 495 1045 581 mutavit¹³⁶),
1074 502 1156 562 recte
1187 496 1340 562 iudicasse

120 611 255 693 videtur,
278 611 361 695 quod
383 611 504 675 nullam
533 611 625 676 fidem
654 611 763 675 habuit
787 610 913 676 Caecilii
942 609 1212 695 coniecturae¹⁸⁷),
1246 632 1339 695 quam

120 724 274 789 sermonis
297 724 422 809 quidem
445 724 651 788 similitudine
674 723 783 788 fulcire
805 744 867 788 non
889 724 970 788 licet.
1016 723 1173 788 Nimirum
1200 726 1226 787 si
1250 725 1340 808 plura

122 837 209 902 illius
236 839 348 902 aetatis
375 837 491 922 scripta
517 837 606 902 nobis
634 845 758 902 servata
784 843 903 918 essent,
936 835 1032 900 etiam
1064 838 1164 921 magis
1195 837 1339 920 eluceret,

122 971 220 1033 quam
242 950 325 1014 male
347 950 476 1033 singulis
499 948 721 1027 attribuantur,
745 971 825 1034 quae
847 950 964 1015 saeculi
987 958 1061 1016 sunt
1088 947 1340 1032 eommunia¹²⁸).

209 1062 390 1126 Finitimam
428 1062 633 1148 Antiphontis
667 1063 770 1146 generi
805 1063 952 1128 orationis
986 1064 1100 1128 Critiae
1134 1063 1339 1127 elocutionem

123 1197 190 1240 θεεθ
212 1177 422 1260 llcrmogenes
446 1174 530 1257 dicit,
555 1196 746 1260 quamquam
769 1176 851 1240 hunc
874 1177 972 1260 magis
996 1177 1156 1263 perspicue
1179 1196 1256 1260 pure
1279 1173 1341 1238 sin-

123 1311 255 1374 cereque
281 1289 416 1354 scribere
443 1287 651 1373 affirmat¹³⁹).
700 1291 763 1355 Hoc
794 1289 878 1354 enim
907 1297 963 1372 est,
986 1290 1069 1375 quod
1091 1290 1124 1353 in
1147 1289 1342 1374 Antiphonte

124 1410 251 1487 propter
277 1403 442 1467 verborum
470 1409 624 1466 tumorem
652 1401 845 1487 nimiamque
875 1404 1082 1486 granditatem
1106 1403 1241 1468 maxime
1264 1402 1341 1466 desi·

124 1515 227 1580 derat:
261 1515 295 1578 οιἰ
323 1515 380 1598 μὴν
407 1514 499 1598 ἤθους
527 1514 560 1596 γε’
588 1538 614 1578 τι
641 1514 703 1579 οὐδ’
734 1516 875 1600 ἀληθινοῦ
904 1517 995 1580 τύπου
1024 1516 1139 1596 μέτεστι
1173 1520 1216 1600 τῷ
1250 1515 1341 1599 ἀνδρί,

123 1628 213 1712 φαίην
237 1627 263 1691 δ’
287 1627 320 1692 ἂν
344 1631 385 1696 ὡς
412 1627 479 1690 οὐδὲ
510 1626 683 1713 δεινότητος,
717 1629 792 1712 πλὴν
826 1633 878 1712 τῆς
910 1629 1086 1714 φαινομένης
1120 1628 1182 1709 μέν,
1216 1627 1249 1690 οὐ
1285 1628 1342 1710 μὴν

124 1741 216 1824 οὔσης
237 1765 269 1823 γε
287 1744 327 1810 ὡς
350 1741 480 1826 ἀληθῶς.
512 1742 600 1818 Quod
624 1762 718 1826 quam
740 1749 822 1806 recte
837 1742 1010 1807 iudicatum
1033 1743 1084 1823 sit,
1107 1763 1210 1806 nonne
1234 1763 1250 1806 θ
1273 1761 1342 1804 ver-

127 1854 236 1918 borum
260 1875 383 1939 pompa,
406 1856 633 1935 iterationibus,
656 1855 847 1940 metaphoris
869 1855 1061 1936 intellexisti,
1078 1855 1192 1939 quibus
1206 1854 1342 1938 speciem

125 1966 285 2051 quandam
308 1968 522 2052 amplitudinis
545 1968 638 2032 etiam
663 1967 782 2051 exiguis
805 1967 897 2032 rebus
920 1967 1057 2053 sophista
1079 1966 1233 2052 imponit?

213 2079 319 2158 Qualis
341 2080 442 2161 homo,
466 2080 537 2145 tulis
560 2088 595 2144 ut
618 2083 707 2145 aiunt
729 2080 837 2144 oratic.
883 2080 966 2145 Sane
988 2081 1153 2166 multiplex
1177 2079 1343 2164 variusque

126 2197 173 2257 θεῖ
196 2193 367 2277 Antiphon,
391 2193 506 2278 quippe
529 2193 582 2277 qui
605 2202 636 2257 et
659 2192 697 2257 de
720 2193 855 2278 physicis
879 2194 970 2259 etde
993 2193 1223 2258 mathematicis
1251 2200 1281 2258 et
1305 2193 1343 2256 de

126 2306 272 2370 humanis
299 2307 399 2386 rebus,
423 2306 460 2370 de
489 2306 627 2372 moribus
650 2314 681 2371 et
704 2306 742 2370 de
769 2307 898 2371 somniis
921 2307 1043 2392 copiose
1066 2314 1097 2371 et
1123 2313 1241 2386 ornate,
1265 2327 1343 2370 ncn-

127 2441 302 2503 numquam
326 2419 420 2483 etiam
443 2419 579 2501 graviter
602 2427 633 2482 et
655 2419 814 2483 subtiliter
835 2420 1002 2504 scripserit.
1052 2419 1113 2484 Sed
1137 2441 1237 2504 pauca
1258 2419 1344 2483 illius

128 2532 264 2617 propria,
287 2531 387 2597 multa
409 2553 447 2595 ex
470 2532 539 2595 aliis
561 2531 701 2596 fontibus
729 2553 799 2596 cum
826 2533 859 2596 in
886 2532 964 2596 libro
992 2533 1152 2613 Veritatis
1181 2553 1241 2616 quo
1273 2533 1344 2596 Par·

126 2645 284 2709 menidem
311 2652 341 2709 et
370 2645 588 2730 Empedoclem
614 2645 754 2728 aliosque
781 2645 973 2730 compilavit,
1002 2653 1068 2709 tum
1104 2646 1136 2708 in
1165 2645 1244 2710 libro
1273 2645 1344 2729 11ερ1

127 2758 263 2840 ‘oporatur
285 2759 410 2822 fluxisse
438 2758 639 2822 manifestum
665 2766 721 2822 θεῖ.
767 2757 842 2835 Quis
869 2758 964 2841 igitur
992 2779 1055 2822 non
1083 2758 1169 2823 videt
1196 2759 1253 2822 hoc
1279 2765 1345 2822 tam

125 2870 325 2955 splendidum
349 2871 489 2956 pallium,
513 2891 573 2955 quo
595 2870 735 2956 sophista
758 2871 864 2935 sollers
888 2876 919 2934 et
947 2870 1123 2954 ingeniosus
1150 2893 1183 2935 se
1210 2871 1343 2950 ornavit,

126 2983 204 3047 satis
228 2983 335 3047 multis
357 2982 469 3068 pannis
493 2983 621 3048 aliunde
644 2983 778 3068 sumptis
802 2982 985 3048 mirabiliter
1007 3005 1074 3048 esse
1098 2983 1280 3048 consutum?

220 3209 262 3273 ¹³⁶)
281 3211 316 3263 of.
336 3210 383 3264 Die
403 3211 499 3279 griech.
520 3211 652 3264 Literstur
671 3209 731 3277 (Die
751 3210 847 3263 Kultur
866 3209 914 3263 der
933 3211 1090 3279 Gegcnwart
1108 3211 1120 3263 l
1139 3211 1166 3275 ὃ)
1186 3227 1211 3278 p.
1226 3210 1268 3263 61.

222 3297 265 3361 ¹⁸²)
285 3298 373 3351 Herm.
393 3298 524 3351 x11335.

221 3387 262 3450 ¹³⁸)
283 3388 338 3439 lIoc
356 3386 478 3455 neglecte
493 3387 653 3440 Bureschius
666 3387 695 3439 in
709 3401 823 3440 errorem
837 3387 940 3454 incidit,
959 3402 1016 3440 cum
1031 3387 1195 3456 Tetralcgias
1209 3388 1344 3456 sophistae

126 3475 260 3540 attribuit,
280 3475 296 3528 l.
311 3491 332 3528 o.
352 3491 377 3543 p.
394 3475 451 3528 133.

221 3563 264 3630 ¹⁸⁹)
284 3565 336 3616 λθ.
356 3563 379 3617 θ.
393 3565 425 3617 10
444 3581 470 3633 p.
482 3563 533 3616 414
544 3579 583 3632 sq.
602 3561 661 3631 Sp.:
685 3563 736 3616 ἔστι
758 3565 805 3634 γὰρ
827 3565 871 3618 καλ
894 3563 967 3623 οὗτος
989 3564 1079 3633 σεμνὸς
1102 3565 1146 3633 μὲν
1165 3565 1344 3634 παραπλησίως

127 3657 169 3723 τῷ
185 3649 335 3724 Ἀντιφῶντι
355 3654 399 3706 ναὶ
417 3651 548 3723 διηρμένος
566 3652 627 3722 πρὸς
646 3651 722 3722 δγνον
743 3655 786 3706 καὶ
804 3655 835 3706 τοὶ
854 3652 935 3706 πολλὰ
959 3652 1041 3721 λέγων
1064 3653 1241 3723 ἀττοφατιιιῶς,
1265 3653 1344 3705 νοθα-

125 3741 242 3813 ρώτερος
261 3741 353 3810 δὲτὴν
372 3739 436 3801 λέξιν
456 3741 499 3792 κοιλ
519 3738 560 3792 δτι
578 3739 731 3809 περιβάλλοι,
750 3739 904 3810 διευκρινῶν,
925 3739 984 3792 ὥστ’
1004 3740 1065 3793 εἶναι
1083 3743 1126 3794 καὶ
1144 3742 1226 3812 cuph:
1243 3741 1295 3810 ἅμα
1307 3742 1345 3810 τῷ

125 3828 230 3900 μεγέθει
249 3831 292 3882 οιαὶ
312 3829 427 3899 ιθιιρινής
446 3827 502 3881 κτλ.
544 3827 668 3881 Philostr.
688 3829 719 3881 V.
740 3829 815 3896 soph.
835 3829 890 3882 116
914 3830 959 3900 τἠν
983 3828 1008 3882 δὲ
1033 3829 1099 3882 ἰδέαν
1122 3834 1167 3882 τοῦ
1191 3830 1265 3900 λόγου
1289 3831 1343 3899 δογ-

126 3920 220 3990 partu<
239 3917 252 3970 δ
272 3913 305 3971 K.
334 3917 377 3970 καλ
396 3915 570 3986 πολυγνώμων
584 3916 765 3986 σεμνολογῆσοθ
785 3936 811 3970 τε
831 3915 987 3976 λκανώτοιτος
1006 3917 1035 3970 οὐ
1054 3919 1101 3987 τὴν
1115 3916 1342 3989 διθυραμβώδη

126 4006 354 4076 σεμνολογίαν,
378 4005 436 4060 oleti
460 4005 721 4075 καταφεύγουυαν
745 4005 775 4064 ἐς
798 4006 833 4058 τὰ
857 4006 891 4059 ἐκ
914 4011 1083 4077 ποιητικῆς
1107 4005 1246 4076 ὀνόματα
1264 4007 1344 4073 (siout

126 4096 289 4165 Antiphon),
313 4091 366 4148 ἀλλ’
391 4095 420 4148 ἐκ
443 4095 609 4164 κυριωτάτων
634 4093 801 4164 συγκειμένην
825 4094 868 4147 καὶ
891 4096 957 4148 κατὰ
980 4095 1052 4165 ptus
1075 4095 1181 4168 ἔχουσαν
1205 4094 1260 4148 νιτλ.
1303 4095 1342 4148 cf.

127 4185 239 4239 Wilam.
258 4184 339 4238 Arist.
360 4201 387 4236 u.
407 4185 494 4237 Athen
513 4184 524 4236 1
546 4182 595 4236 173
606 4199 645 4251 sq.

637 4379 836 4388 -—·-·-—---
