3128 5124
725 414 939 478 ..66-

230 584 294 648 iam
317 606 336 649 a
358 584 531 650 Guislordio
560 585 681 669 agnitos
708 606 746 650 ex
774 585 932 670 tragoedia
963 585 1100 670 quadam
1134 593 1276 670 sumptos
1308 607 1373 652 esse
1407 609 1451 652 na

229 698 371 763 Nauclrio
395 698 519 763 credam
542 719 649 762 vereor
674 698 726 781 (cl.
751 699 787 762 lr.
812 705 889 781 trag.
913 698 1017 782 adesp.
1041 697 1131 782 456).
1180 697 1262 762 Nam
1285 698 1346 763 alia
1369 721 1450 785 quo-

231 833 291 896 que
313 811 347 876 in
369 811 551 895 fragmentis
566 811 771 896 Antiphontis
791 818 960 876 metrorum
985 811 1115 895 vestip'a
1130 811 1343 892 inveniuntur,
1367 835 1452 897 quae

229 924 268 988 ad
302 932 410 1008 poetas
438 925 544 990 relerri
579 925 666 989 nullo
695 924 786 989 modo
814 932 955 1009 possunt.
1005 924 1247 1009 Anapaesticum
1282 947 1451 990 numerum

228 1037 376 1123 praehere
399 1061 440 1104 oc
457 1075 498 1086 —
521 1037 576 1122 γὰρ
605 1039 683 1121 ἀγὼν
707 1040 799 1121 γάρος
827 1037 977 1122 ἀνθρώπῳ
1006 1037 1143 1102 Blassius
1171 1037 1260 1103 vidit.
1311 1039 1354 1102 At
1377 1060 1450 1103 rer-

229 1171 298 1215 sum
326 1157 435 1236 poetae
464 1172 525 1216 non
554 1151 679 1216 subesse
706 1158 844 1236 apparet.
895 1150 981 1215 Idem
1012 1150 1179 1214 dicendum
1212 1159 1260 1215 est
1287 1150 1325 1214 de
1352 1158 1450 1216 tetra·

229 1271 326 1328 metro
353 1263 475 1342 cretico,
500 1263 553 1348 qui
571 1263 724 1328 Blassium
749 1263 846 1345 fugit:
874 1265 921 1326 καὶ
944 1264 1047 1346 γάμων
1071 1263 1118 1326 καὶ
1141 1262 1276 1346 γυναικὸς
1298 1261 1450 1348 ἐπιθυμη-

229 1377 309 1439 adro
332 1377 383 1458 (lr.
401 1376 466 1456 49),
493 1375 530 1440 de
554 1376 686 1442 dimetro
709 1376 864 1440 trochaico
888 1375 937 1440 ἴσα
960 1380 1135 1460 φρονοῦντας
1159 1373 1210 1440 ἴσα
1232 1374 1381 1464 πνέοντας,
1408 1376 1451 1440 de

229 1488 351 1575 enoplio
375 1490 411 1553 fr.
428 1490 467 1553 bl
493 1487 578 1558 νόσος
599 1491 734 1553 δειλοῖσιν
759 1488 856 1573 ἑορτή,
880 1509 960 1572 quae
985 1497 1093 1574 poetae
1116 1487 1248 1552 alicuius
1264 1488 1359 1553 verba
1381 1489 1450 1553 lau·

228 1603 301 1666 data
335 1599 840 1686 essec01nperziusoensu·t¹²⁵).
898 1602 934 1665 ln
958 1602 994 1665 fr.
1015 1601 1057 1664 62
1089 1600 1172 1683 (sine
1201 1600 1349 1666 lemmate
1378 1608 1452 1686 post

229 1712 264 1775 ir.
282 1713 324 1776 61
349 1712 480 1795 tradito)
502 1713 556 1796 οἵῳ
580 1735 621 1782 τις
646 1711 679 1776 ἂν
702 1713 735 1775 τὸ
758 1715 893 1776 πλεῖστον
910 1715 961 1796 τῆς
978 1712 1088 1796 ἡμέρας
1105 1717 1177 1795 συνῇ
1201 1715 1265 1774 κτλ.
1289 1710 1452 1776 trimetros

228 1826 377 1890 iambicos
405 1826 506 1890 inesse
529 1824 711 1911 Spengelius
738 1825 913 1911 suspicatus
937 1824 1107 1890 Menandro
1136 1825 1289 1889 attribuit.
1336 1826 1380 1888 At
1402 1832 1453 1890 est

229 1936 288 2000 hoc
328 1937 488 2020 scriptoris
522 1937 735 2022 Antiphontis.
796 1936 869 2001 Alia
907 1936 1030 2000 nunrcri
1067 1935 1217 2000 trochaici
1255 1944 1286 1999 et
1318 1934 1450 2000 iambici

229 2047 372 2131 exempla
399 2048 506 2111 attulit
529 2046 779 2132 'l'oeplerus¹'⁶):
814 2049 850 2111 fr.
867 2047 909 2112 49
937 2046 968 2110 εἴ
995 2071 1043 2130 μοι
1064 2046 1176 2130 γένοιτο
1200 2052 1369 2132 σῶμα...
1394 2047 1451 2112 οὐκ

228 2157 262 2220 ἂν
291 2158 429 2241 δυναίμην
457 2162 510 2240 ζῆν
623 2157 716 2226 οὕτως
744 2158 863 2243 ἐμαυτῷ
893 2158 988 2223 πολλὰ
1015 2158 1172 2244 πράγματα
1197 2158 1336 2243 παρέχων

230 2268 302 2352 ὑπέρ
329 2293 361 2332 τε
387 2273 438 2332 τοῦ
467 2267 535 2332 καθ’
563 2268 675 2353 ἡμέραν
699 2271 762 2354 βίου
786 2316 817 2334 ..
838 2317 870 2332 ..
895 2271 943 2334 καὶ
976 2270 1010 2332 τὺ
1044 2267 1201 2353 πρόσωπον
1229 2268 1326 2332 οὐκέτι
1360 2268 1450 2332 ταύτό

229 2381 361 2464 (Adouli
396 2381 481 2463 duo).
515 2417 556 2427 -
591 2382 638 2446 Fr.
655 2383 696 2447 59
724 2382 757 2446 od
786 2382 839 2467 γὰρ
871 2380 937 2447 ἔσθ’
966 2381 1033 2446 ὅτου
1061 2382 1209 2465 κρατήσας
1231 2381 1319 2451 αὐτὸς
1342 2383 1450 2446 ἑαυτὸν

229 2493 349 2578 κόσμιον
383 2494 552 2579 παρέχεται,
587 2495 708 2559 numeri
743 2495 903 2560 trochaici.
934 2532 975 2539 -
1003 2495 1050 2558 Fr.
1067 2495 1107 2560 61
1138 2495 1280 2580 ἀναρχίας
1307 2493 1333 2558 δ’
1361 2494 1449 2558 οὐδὲν

228 2608 327 2672 ιιοὶιιον
344 2608 519 2691 ἀνθρώποις,
537 2609 678 2672 trimeter
694 2608 831 2672 claudus.
870 2607 986 2672 Eodem
1002 2608 1093 2672 modo
1111 2607 1255 2691 Agathou
1272 2607 1447 2672 orationem

226 2741 317 2784 'suam
335 2720 442 2785 metris
457 2721 615 2785 instruxit.
647 2720 798 2805 Exempla
814 2720 922 2785 attulit
938 2720 1101 2786 Nordenns
1113 2717 1176 2799 ι”);
1192 2720 1238 2784 Pl.
1253 2720 1346 2785 Conu.
1364 2719 1449 2784 1960

231 2837 288 2899 πᾶς
310 2833 364 2915 γὰρ
389 2831 464 2895 ἑκὼν
481 2829 594 2915 Ἔρωτι
617 2834 673 2893 πᾶν
697 2831 843 2914 ὑπηρετεῖ.
884 2831 967 2895 1970
989 2836 1050 2899 τοῖς
1072 2830 1171 2901 ἄλλοις
1194 2830 1292 2894 ἄλλων
1309 2831 1448 2894 τοιούτων

231 2943 319 3014 αἴτιος
342 2942 415 3007 εἶναι
437 2943 609 3008 hexametri
632 2937 840 3008 dact'exitus.
886 2943 976 3007 Addo
999 2943 1082 3007 hunc
1104 2943 1280 3008 hexametri
1303 2943 1448 3007 initium:

234 3057 319 3121 ltlba
352 3057 429 3121 οὕτω
457 3057 492 3140 δὴ
521 3057 570 3119 τὸν
592 3053 715 3140 Ἔρωτα
743 3057 790 3120 καὶ
813 3057 942 3139 ἡμᾶς..
987 3056 1125 3139 Uterque
1159 3077 1229 3120 cum
1262 3055 1320 3120 hoo
1353 3055 1449 3120 modo

232 3169 339 3234 metris
362 3171 470 3250 utitur,
495 3168 700 3234 vetustiorum
726 3170 913 3252 scriptorum
941 3189 1058 3232 morem
1086 3168 1235 3252 sequitur.
1281 3170 1386 3252 Atque
1414 3167 1448 3231 id

230 3282 344 3368 ipsum,
368 3282 450 3366 quod
474 3282 637 3346 Nordenns
660 3281 698 3344 de
722 3281 879 3346 Heraclito
903 3289 933 3345 et
949 3281 1105 3346 Herodoto
1129 3277 1284 3363 dioic¹¹⁸):
1317 3279 1371 3343 Wo
1393 3280 1451 3343 der·

233 3397 334 3457 Actor·
354 3395 449 3457 holten
464 3392 617 3479 Schwncp
636 3395 755 3474 aincurt,
779 3393 844 3478 ldsst
866 3415 898 3458 er·
920 3393 1098 3457 ntetrcscltcc
1123 3392 1269 3477 Wcrtfcll
1289 3394 1449 3470 eintrnten,

231 3529 293 3572 non
327 3507 431 3572 minus
458 3508 498 3571 ad
527 3507 677 3590 quosdam
701 3507 829 3590 Gorgiae
857 3507 969 3572 aetatis
991 3507 1157 3592 scriptores
1192 3505 1336 3591 pertinet.
1382 3506 1451 3570 Nec

232 3641 303 3684 vero
327 3620 458 3684 dubium
481 3629 537 3700 est,
564 3620 639 3704 quin
662 3619 799 3684 maxime
821 3620 905 3684 inter
919 3620 1073 3706 sophistas
1089 3618 1252 3703 magnifico
1269 3625 1301 3690 et
1323 3604 1470 3704 poetico¹

231 3754 373 3798 sermone
396 3733 533 3797 lloruerit
555 3733 726 3818 Antiphon.

317 3848 401 3924 Quae
425 3867 496 3909 cum
517 3846 563 3910 ita
584 3846 657 3929 sint,
681 3867 721 3911 ne
744 3846 782 3911 ds
798 3845 994 3911 Antisthenis
1016 3844 1144 3930 quidem
1168 3844 1451 3910 declamationibus

232 3959 515 4026 Radermacherum
531 3966 613 4023 recte
628 3959 781 4024 iudicasse
798 3967 872 4044 puto
885 3956 947 4042 ¹²⁹),
971 3958 1052 4042 quod
1070 3957 1282 4042 compluribus
1303 3958 1337 4022 in
1353 3957 1451 4024 Ulixe

322 4175 365 4242 111)
384 4177 417 4230 cl.
435 4177 550 4244 Toepfer
567 4177 585 4229 l.
599 4192 620 4229 o.
642 4192 667 4245 p.
681 4176 724 4231 39.

232 4269 239 4306 -’
323 4265 368 4333 111)
386 4266 404 4319 l.
418 4281 439 4318 c.
458 4275 485 4335 p.
497 4265 533 4319 40
543 4280 600 4335 sqq.

323 4353 366 4422 111)
386 4353 404 4406 l.
417 4369 439 4406 c.
459 4370 485 4422 p.
498 4353 540 4406 74.

323 4441 367 4511 ¹²⁸)
386 4442 404 4495 l.
418 4457 439 4496 ο.
459 4458 484 4509 p.
497 4440 540 4495 45.

322 4529 367 4598 1²⁹)
387 4530 436 4582 Rh.
456 4530 489 4582 Μ.
509 4529 605 4582 XLVII
625 4527 715 4595 (1892)
734 4544 760 4597 p.
773 4527 824 4581 569
835 4543 891 4597 sqq.
