3128 5124
610 362 823 426 ..39-

82 532 335 617 succedunt.⁹¹)
380 533 426 598 De
461 533 569 598 eadem
596 555 629 598 re
657 533 720 598 alia
746 533 957 598 similitudine.
980 534 1044 598 iam
1072 535 1226 599 Homerus
1252 556 1327 600 usus

84 655 144 710 est
173 645 226 729 (Il.
243 647 287 710 VI
305 646 391 727 145).

191 758 228 822 ln
254 757 291 822 fr.
309 757 363 822 52:
392 756 555 820 ἀναθέσθαι
582 757 615 820 δὲ
643 757 743 840 ὥσπερ
771 759 874 820 πεττὸν
902 758 951 820 τὸν
981 758 1041 842 βίον
1069 756 1123 821 oda
1150 755 1226 822 ἔστιν
1248 756 1327 841 (ἀντὶ

85 873 151 934 τοῦ
178 869 292 933 ἄνωθεν
316 870 419 955 βιῶναι
443 870 677 952 μετανοήσαντας
700 869 749 933 ἐπὶ
771 875 814 954 τῷ
832 870 966 954 προτέρῳ
984 870 1038 954 βίιρ
1054 869 1205 956 Harpoc.)
1221 890 1328 934 rursus

86 981 239 1047 occurrit
260 981 362 1046 simile
385 981 542 1067 quoddam
564 981 736 1067 Euripidis,
765 1002 826 1066 quo
853 983 990 1046 maxime
1013 982 1126 1047 nititur
1149 983 1328 1047 Duemmle-

87 1092 216 1177 rus⁹'),
239 1101 275 1158 ut
296 1101 421 1179 poetam
445 1093 603 1179 sophistae
625 1095 843 1159 anctoritatem
871 1103 1013 1159 secutum
1036 1115 1102 1159 esse
1126 1095 1327 1160 demonstret.

87 1209 188 1272 Nam
215 1207 324 1292 Suppl.
348 1227 377 1270 v.
396 1205 480 1271 1080
489 1227 556 1291 sqq.
586 1206 623 1270 de
652 1207 762 1270 eadem
790 1229 824 1272 re
852 1207 938 1292 lphis
967 1228 1062 1272 senex
1089 1207 1198 1272 multis
1225 1208 1329 1272 verbis

90 1321 260 1405 loquitur:
286 1320 315 1382 τί
341 1320 378 1402 δὴ
407 1320 550 1403 βροτοῖσιν
574 1317 627 1382 οὐκ
650 1317 728 1383 ἔστιν
751 1321 827 1398 τόθι,
856 1319 938 1389 νέους
960 1321 1002 1388 δὶς
1025 1318 1099 1384 εἶναι
1122 1320 1169 1382 καὶ
1192 1319 1329 1404 γέροντας

90 1431 137 1496 αὖ
164 1435 267 1511 πάλιν;
290 1430 355 1495 ἀλλ’
377 1431 406 1493 ἐν
429 1430 528 1515 νύμοις
552 1433 604 1514 μὲν
627 1430 662 1513 ἧν
685 1455 710 1493 τι
727 1432 768 1514 μὴ
783 1435 882 1501 καλῶς
897 1429 967 1518 ἔχῃ,
990 1434 1149 1514 γνώμαισιν
1166 1431 1328 1516 ὑστέραισιν

92 1545 325 1628 ἐξορθούμεθα,
352 1545 445 1608 αἰῶνα
474 1543 574 1608 δὀὐκ
597 1542 714 1614 ἔξεστιν.
760 1547 786 1608 εἰ
814 1543 840 1608 δ’
861 1544 935 1629 ἦμεν
959 1545 1019 1608 νέοι
1046 1547 1089 1613 δὶς
1116 1546 1164 1609 καὶ
1186 1544 1328 1630 γέροντες,

93 1660 132 1724 εἴ
145 1682 192 1727 τις
214 1657 404 1742 ἐξημάρτανε,
429 1659 531 1720 διπλοῦ
555 1658 618 1741 βίου
634 1656 773 1742 τυχόντες
789 1656 992 1741 ἐξωρθούμεθ’
1014 1657 1058 1720 ἄν.
1094 1657 1196 1722 Aliter
1218 1657 1255 1721 de
1271 1658 1329 1722 heo

94 1795 134 1837 re
158 1778 253 1856 poeta
268 1771 357 1834 Herc.
375 1767 511 1854 dbisqq.
528 1771 634 1847 sentit,
659 1791 730 1835 utrm
753 1770 947 1854 sapientibus
969 1769 1060 1834 modo
1081 1769 1212 1834 aiteram
1228 1761 1328 1834 vitem

96 1884 285 1966 contingere
311 1882 398 1962 velit,
427 1902 521 1965 quem
547 1881 649 1946 locum
676 1882 936 1947 Wilamowitzius
960 1880 1130 1946 illustravit
1159 1881 1265 1965 (Herc.
1282 1881 1327 1946 11¹

99 1995 196 2078 175).
247 1994 475 2078 Antiphontem
509 2002 614 2058 autem
649 1994 730 2058 hanc
760 1993 951 2058 sententiam
983 1995 1148 2079 protulisse
1181 1994 1329 2060 monendi

98 2129 210 2186 causa,
239 2116 275 2172 ut
303 2107 360 2172 hac
385 2115 453 2171 tam
478 2107 565 2171 brevi
587 2107 653 2171 vita
675 2115 760 2171 recte
788 2115 915 2172 utamur
942 2128 1037 2191 supra
1066 2107 1243 2192 expositum
1271 2115 1327 2172 est.

97 2223 188 2288 Sane
221 2220 359 2285 iucunda
392 2231 439 2284 est
472 2219 646 2283 similitudo
681 2219 881 2295 calculorum,
916 2220 968 2284 sod
1003 2220 1080 2286 satis
1110 2220 1237 2286 usitata.
1282 2219 1327 2284 ds.

98 2333 259 2400 Heracliti
281 2333 319 2396 fr.
336 2333 388 2412 52,
412 2331 485 2396 Eur.
502 2331 610 2416 Suppl.
627 2331 701 2396 409.
746 2332 853 2397 Erech.
876 2332 915 2396 fr.
931 2331 1014 2397 360²
1028 2333 1066 2396 N.

194 2445 261 2510 Mos
283 2452 330 2508 est
357 2444 581 2529 sophistarum,
610 2451 647 2508 ut
674 2464 814 2528 eaquae
838 2444 951 2509 docent
973 2444 1079 2509 fabula
1102 2444 1327 2510 demonstrent.

99 2557 256 2623 Prodicus
282 2555 322 2620 ad
349 2556 414 2620 vim
446 2557 572 2620 virtutis
600 2555 818 2641 explicandam
844 2557 933 2621 illam
961 2557 999 2620 de
1029 2558 1162 2622 lleroule
1189 2556 1330 2622 fabulam

100 2677 224 2736 narrat.
259 2668 354 2732 Aliud
377 2669 470 2733 huius
493 2668 727 2734 consuetudinis
744 2669 933 2753 exemplum,
958 2690 1051 2752 quam
1068 2678 1177 2755 postea
1192 2670 1330 2735 maxime

104 2782 218 2867 Cynici
245 2781 398 2860 colebant,
426 2781 631 2865 Antiphontis
658 2780 913 2866 reciprocat.
959 2783 1045 2845 Haec
1071 2782 1179 2846 fabula
1202 2784 1330 2866 Aesopi·

103 2915 216 2960 carum
246 2894 349 2978 prima
372 2914 462 2977 prosa
485 2892 624 2957 oratione
647 2893 819 2976 conscripta
842 2893 931 2957 nobis
955 2901 1080 2958 servata
1102 2902 1157 2958 est.
1203 2893 1331 2958 Constat

104 3005 329 3090 grammaticos
356 3005 394 3068 iis
422 3005 579 3089 epilogum
601 3005 648 3086 (τὸ
671 3003 841 3088 ἐπιμύθιον)
865 3004 1031 3070 addidisse.
1077 3005 1145 3070 Iam
1168 3005 1329 3091 Antiphon

104 3118 266 3204 epilogum
295 3117 453 3200 quendam
479 3117 651 3181 narrationi
683 3117 840 3188 adiunxit:
875 3117 934 3202 ύτιρ
961 3120 1016 3202 γάρ
1043 3140 1084 3185 τις
1113 3120 1154 3202 μὴ
1182 3118 1331 3202 ἐχρήσατο

105 3231 186 3316 μηδὲ
208 3233 362 3315 χρήσεται,
387 3229 468 3297 ὄντος
491 3230 510 3313 ἢ
535 3232 576 3313 μὴ
601 3229 683 3299 ὄντος
705 3230 787 3316 αὐτῷ
812 3230 896 3294 οὐδὲν
920 3229 987 3294 ούτε
1009 3230 1096 3294 πλέον
1119 3229 1186 3294 οὔτε
1206 3229 1330 3294 ἔλασσον

104 3345 278 3430 βλάπτεται.
333 3342 465 3406 Brevius
501 3351 608 3406 autem
642 3343 864 3425 grammaticus
899 3344 1053 3408 contrario
1087 3364 1158 3408 oum
1192 3343 1331 3426 agnomi-

104 3457 238 3523 natione
265 3475 356 3536 usus,
384 3476 445 3538 quo
473 3454 547 3519 iude
574 3477 593 3517 a
615 3455 762 3538 sophistis
784 3477 877 3540 saepe
901 3455 1137 3520 delectabantur
1160 3453 1213 3538 (cf.
1237 3454 1331 3519 Isoor.

199 3659 233 3726 ⁹¹)
253 3660 306 3712 Iam
320 3659 456 3729 Sauppius
475 3665 546 3714 recte
565 3662 724 3714 sententiam
744 3662 934 3728 interpretatus
954 3667 995 3715 est
1013 3662 1040 3728 (i.
1053 3677 1076 3714 c.
1097 3677 1124 3729 p.
1137 3660 1208 3726 523),
1228 3661 1260 3712 de
1280 3677 1332 3730 qua

104 3750 213 3820 ambigi
237 3763 293 3802 non
312 3753 411 3817 potest,
430 3750 486 3802 sive
505 3764 565 3801 cum
584 3750 631 3802 illo
644 3751 726 3802 rerba
743 3750 773 3802 τό
786 3767 813 3801 τε
826 3753 908 3818 μῆκος
921 3755 966 3801 τοῦ
981 3750 1036 3819 βίου
1049 3750 1131 3819 ἡμέρᾳ
1145 3750 1189 3820 μιᾷ
1207 3748 1333 3815 secludis,

106 3841 168 3894 sire
187 3852 247 3890 cum
268 3835 384 3890 Dielesio
404 3836 479 3908 μοίρᾳ
498 3836 567 3906 legis
586 3853 633 3904 pro
652 3838 734 3908 ἡμέρᾳ
754 3837 889 3902 (Vorsoir.²
902 3838 927 3891 ΙΙ
943 3839 966 3903 1,
986 3854 1012 3906 p.
1025 3837 1076 3890 599
1100 3837 1162 3890 adn.
1181 3837 1216 3890 ad
1238 3855 1263 3890 v.
1278 3838 1331 3904 19).

105 3927 201 3994 Longe
220 3941 237 3978 a
255 3941 316 3978 vero
336 3925 468 3978 aberravit
486 3925 657 3991 Bureschius‚
676 3942 735 3978 cum
755 3925 869 3978 Philolai
887 3925 954 3978 illud
975 3927 1046 3994 apud
1064 3927 1200 3979 Platonem
1220 3924 1331 3990 (Phued.

106 4015 193 4080 62b)2
219 4013 255 4071 be
279 4012 306 4065 έν
324 4030 371 4066 τινι
390 4014 488 4084 φρουρᾷ
511 4013 585 4081 έσμιν
609 4013 633 4066 ολ
651 4011 782 4084 ἅνθρωποι
800 4014 914 4066 contulit
934 4013 963 4080 (l.
978 4031 999 4067 c.
1019 4030 1044 4083 p.
1058 4014 1111 4077 80).
1147 4013 1214 4066 Nam
1233 4017 1331 4083 φρουρᾷ

106 4100 240 4156 uocabulo
264 4117 319 4154 non
342 4101 472 4170 patiendi,
501 4101 549 4154 sed
571 4102 670 4169 agendi
694 4102 746 4154 rim
771 4101 952 4155 subiciendam
977 4118 1036 4156 esse
1060 4107 1171 4170 apparet
1194 4117 1227 4153 ex
1251 4103 1331 4154 verbo

105 4195 261 4262 παριγγυᾰν,
281 4188 351 4258 quod
367 4189 399 4242 de
413 4188 543 4242 militibus
556 4189 608 4242 dici
624 4191 693 4242 solet
705 4193 831 4242 tesseram
845 4191 916 4243 inter
929 4206 958 4244 se
972 4189 1107 4243 dantibus.
1128 4217 1161 4228 -
1180 4187 1333 4241 illustratur

106 4279 286 4346 Antiphontis
309 4277 443 4332 sententia
466 4279 509 4343 iis,
533 4294 601 4346 quae
625 4277 753 4331 Heinzius
778 4279 868 4331 attulit
891 4279 925 4332 ad
948 4278 1064 4330 Lucretii
1088 4278 1127 4330 ΙΙΙ
1151 4276 1201 4330 963
1214 4291 1252 4340 sq.
1290 4275 1330 4328 Oi.

107 4369 186 4422 Lucr.
208 4366 232 4418 11
252 4365 286 4419 75
297 4381 353 4434 sqq.

199 4453 231 4516 ⁹²)
251 4453 268 4506 l.
282 4469 304 4506 c.
323 4471 348 4523 p.
368 4453 417 4506 174
437 4453 502 4520 (22).
