3128 5124
606 405 819 468 ..55—

105 579 188 662 βολος
213 577 305 658 Xon,
333 577 389 654 Pl,
416 576 514 640 Arist.
536 611 579 623 -
607 577 669 639 An.
693 573 804 638 lambi.
830 575 885 657 l,5
908 572 1052 656 adorator,
1076 571 1318 656 εὐπροσδόκητος.

105 693 237 767 Quorum
261 688 503 773 εὐκατηγόρητος,
526 686 692 772 εὐόργητος,
716 687 950 771 εὐτροσδόκητος
976 694 1051 751 sunt
1072 685 1226 750 adiectiva
1247 707 1318 750 ver·

108 803 197 882 balio,
232 803 346 886 quibus
380 802 582 866 luxuriantur
615 809 721 884 tragg.‚
757 821 847 879 eom,
882 799 979 864 Thuo.
1035 799 1082 864 cf.
1110 797 1222 863 Kaibel
1249 799 1269 863 Ι.
1291 820 1318 863 o.

104 935 131 998 p.
147 915 197 980 99.
221 914 292 980 235.
340 914 468 978 Wilam.
492 912 533 976 ad
556 913 645 976 Hero.
671 934 699 976 v.
716 913 789 977 290.

184 1026 231 1090 Ex
258 1026 412 1109 ambiguis
440 1025 621 1107 fragmentis
654 1026 753 1108 magis
786 1024 943 1110 sophistae
976 1044 1070 1107 quam
1100 1024 1215 1088 oratori
1242 1024 1317 1088 Ant.

105 1159 171 1202 oum
192 1139 255 1204 alia
277 1145 346 1202 tum
368 1139 445 1202 haee
467 1137 620 1202 voeabula
647 1137 819 1222 composita
841 1136 987 1201 videntur
1015 1136 1194 1200 convenire:
1222 1136 1259 1198 fr.
1276 1134 1318 1199 89

105 1251 232 1318 δυσάνιος
256 1250 330 1314 Crit.
353 1251 391 1315 fr.
408 1249 459 1331 42,
483 1250 643 1332 Hippoor.,
666 1250 775 1330 Arist,
799 1249 944 1313 Menand.
968 1284 1010 1294 -
1033 1248 1080 1312 Fr.
1098 1248 1139 1312 95
1164 1246 1318 1330 μεδέορτοι

104 1362 215 1447 ήμέμαι.
239 1398 281 1408 -
304 1362 353 1426 Fr.
372 1362 433 1426 105
456 1362 651 1445 δοκησίσοφος
674 1364 727 1425 Ar.
745 1362 811 1424 Pax
827 1361 878 1424 44.
901 1397 942 1407 -
966 1361 1014 1426 Fr.
1030 1361 1091 1425 113
1115 1364 1317 1423 πολιτοκοττεῖν

105 1495 188 1558 τοοκ,
211 1475 257 1538 ΡΙ.

185 1586 346 1652 Nonnulla
368 1608 452 1650 rara
475 1586 588 1651 verba
609 1586 770 1670 magisque
794 1586 915 1669 poetica
938 1585 1032 1668 digna
1053 1584 1208 1666 videntur,
1228 1599 1316 1667 ‘quae

105 1707 387 1763 commemorentur.
433 1698 481 1763 Fr.
498 1698 540 1764 58
563 1699 700 1783 δειμαίνω
724 1705 817 1783 poet,
840 1698 966 1778 Herod,
989 1697 1090 1762 Plato.

184 1811 231 1875 Fr.
248 1813 290 1876 54
313 1814 475 1894 περιαλγεῖν
499 1811 596 1876 Thuo.
621 1811 665 1874 IV
691 1812 740 1892 14,
764 1811 802 1874 of.
827 1810 983 1894 περιαλγής
1006 1810 1050 1874 ΡΙ.
1076 1811 1151 1894 Rep.
1167 1807 1267 1874 462b.

183 1924 231 1988 Fr.
244 1925 287 1988 54
309 1923 550 2008 ἀπολοφύρεσδαι
573 1924 681 2001 Thea,
704 1924 834 1999 Audon,
857 1922 938 1987 Xen.

183 2037 292 2101 Multis
321 2037 474 2101 usitatis
496 2036 691 2102 vocabulis
719 2057 853 2101 novam
880 2036 1198 2120 significationem
1223 2037 1315 2100 Anti·

106 2147 180 2231 phon
203 2149 346 2214 subieoit.

184 2263 232 2326 Fr.
245 2262 287 2327 49
304 2263 440 2344 ἐκπομπή
465 2262 618 2344 signifieat
634 2261 833 2326 emissionem
849 2261 930 2346 apud
947 2261 1044 2326 Thuo.
1062 2261 1108 2324 ΙΙΙ
1119 2260 1159 2325 51
1183 2265 1312 2344 λῃστῶν,

107 2371 146 2436 ΡΙ.
167 2374 235 2458 Lag.
261 2375 346 2439 74οο
380 2375 531 2438 ἀποικιῶν.
588 2374 721 2437 Divortii
757 2374 917 2438 notionem
951 2374 1012 2438 uisi
1046 2373 1129 2458 apud
1153 2377 1227 2439 Ant.
1251 2395 1315 2438 non

105 2484 284 2550 invenimus.
335 2486 395 2551 Sed
422 2487 517 2551 verbo
545 2486 703 2565 ἐκπέμπειν
732 2507 786 2570 pro
817 2487 961 2566 „mittero
985 2488 1133 2550 uxorem“
1164 2486 1214 2564 usi
1241 2493 1316 2549 sunt

106 2596 220 2671 Herod..
245 2599 325 2682 Lya,
348 2599 438 2663 Dem.

181 2709 229 2775 Fr.
248 2712 290 2776 65
314 2712 446 2794 ἀνδρεία·
470 2712 489 2793 ή
513 2716 572 2772 τῶν
595 2712 708 2795 ἀνδρῶν
732 2710 838 2794 ἡλικία.

183 2823 231 2886 Fr.
248 2822 290 2886 68
312 2821 509 2904 αὐλιζόμενοι·
540 2824 603 2886 ἀντὶ
630 2828 681 2886 τοῦ
708 2826 896 2904 κοιμώμενοι.

179 2928 285 3019 ’Aaou
308 2937 345 2998 fr.
361 2937 399 2999 11
423 2935 552 3017 δεήσεις·
576 2936 639 2998 ἀντὶ
662 2940 713 2998 τοῦ
737 2936 856 3002 ἐνδείας.

183 3045 230 3111 Fr.
247 3049 290 3113 20
312 3048 496 3116 ἐπαλλάΕεις·
521 3049 583 3110 ἀντὶ
607 3052 659 3111 τοῦ
683 3048 863 3129 συναλλαγὰς
885 3048 905 3130 ή
929 3047 1027 3128 μίξεις.

183 3159 230 3224 Fr.
247 3161 288 3223 ‘23
312 3161 474 3229 διάστασις·
500 3161 562 3222 ἀντὶ
585 3165 636 3224 τοῦ
660 3160 882 3242 διακοσμήσεως
904 3166 963 3223 τῶν
986 3159 1073 3223 ὅλων.

181 3271 288 3336 Eidem
313 3273 380 3337 νυοί
405 3281 552 3357 quattuor
574 3275 717 3339 notiones
733 3275 879 3339 subiecit:
903 3275 940 3337 sr.
956 3275 998 3337 24
1020 3279 1056 3355 τή
1079 3273 1209 3337 διαθέσει
1225 3274 1312 3358 ἐχρή·

102 3402 166 3445 σατο
201 3385 233 3465 l)
258 3384 306 3446 ἐπὶ
333 3388 452 3467 γνώμης
479 3386 498 3468 ή
527 3386 653 3455 διανοίας
687 3386 723 3469 2)
747 3386 794 3449 ἐπὶ
818 3391 868 3450 τοῦ
892 3387 1034 3450 διαθεῖναι
1057 3385 1140 3468 λόγον
1164 3387 1312 3451 τουτέστιν

102 3492 146 3554 ἐπὶ
167 3500 217 3558 τοῦ
241 3495 404 3577 ἐξαγγεῖλαί
426 3519 452 3557 τι
476 3494 511 3578 3)
531 3491 638 3579 Ἀληίλ.
662 3499 693 3581 βε
717 3497 765 3559 ἐπὶ
788 3503 840 3576 τῆς
864 3499 1088 3579 διακοσμήσεως
1109 3498 1143 3575 4)
1167 3496 1203 3562 ΙΙ.
1228 3500 1311 3580 ὁμον.

100 3605 133 3666 lr.
148 3607 187 3671 63
215 3608 277 3671 ἀντὶ
307 3612 358 3671 τοῦ
386 3609 536 3691 διοίκησις,
561 3609 598 3672 cf.
641 3603 747 3692 Ἀληδ.
771 3613 790 3672 ἃ
817 3612 853 3674 ir.
872 3611 913 3674 14
940 3609 1096 3673 διαθέσθαι
1119 3610 1166 3673 ἐπὶ
1194 3615 1245 3674 τοῦ
1273 3615 1311 3674 δι-

99 3739 218 3802 υικησαι.

178 3831 226 3897 Fr.
243 3832 285 3896 43
313 3834 362 3892 τὸν
391 3831 473 3915 ἅβιον
493 3830 539 3896 Ἀ.
564 3833 612 3895 ἐπὶ
635 3837 686 3896 τοῦ
710 3835 800 3897 πολὺν
829 3834 890 3918 βίον
918 3837 1098 3916 κεκτημένου
1127 3833 1234 3913 ἔταξεν,
1270 3839 1311 3903 ὡς

95 3937 225 4028 Ὄμηρος
249 3943 353 4013 ἅίυλον
369 3944 441 4027 ὕλην
456 3944 533 4024 λέγει
548 3947 601 4028 τὴν
617 3946 776 4014 πολὺξυλον
793 3946 844 4026 (ΙΙ.
858 3946 902 4009 XI
925 3947 1010 4028 155).
1056 3948 1145 4012 Plato
1161 3948 1219 4012 hae
1236 3969 1310 4013 voce

101 4055 193 4120 utitur
214 4078 270 4141 pro
295 4055 419 4138 ἀβίωτος
444 4056 512 4140 Leg.
537 4057 632 4134 8Ῑ3ο,
656 4059 694 4121 of.
719 4058 816 4122 Belle.
841 4059 959 4122 Aueed.
984 4081 1013 4143 p.
1027 4059 1100 4124 323.

180 4169 343 4233 Praeterea
366 4170 403 4231 oi.
425 4166 531 4251 Ἀληθ.
554 4171 590 4233 fr.
610 4171 659 4234 16.
685 4170 735 4234 19.

179 4279 411 4364 Metaphoris
435 4281 596 4365 Antiphon
612 4281 911 4364 dithyrambieorum
935 4283 1141 4366 granditatem
1165 4285 1310 4349 similiter

100 4399 189 4473 atque
209 4392 337 4474 Gorgias
360 4391 535 4475 adaequare
558 4392 672 4457 studet.

180 4503 226 4568 Fr.
242 4505 284 4568 49
307 4503 450 4588 ἐξοίχεται
473 4505 506 4567 τὸ
529 4507 678 4588 νευτήσιον
701 4507 844 4590 σκίρτημα
861 4506 894 4570 ἐκ
910 4512 962 4590 τῆς
977 4509 1094 4589 γνώμης
1118 4529 1308 4593 (γυτιιιιτγιιιιιιι
