3128 5124
593 353 807 464 ..534

87 574 173 638 nieht
193 574 279 636 allzu
297 595 401 658 ρειιαιι
422 572 541 648 meloda·
563 571 620 653 foir
635 572 676 636 A.
693 593 761 634 war
781 571 893 656 perede
914 573 994 635 de'ese
1015 575 1065 634 oin
1088 571 1203 636 Gruud
1222 573 1306 636 nieht

87 710 128 751 ενι
148 686 292 750 weehseln
315 685 420 768 (Blass
442 685 463 748 l.
480 706 505 748 o.
530 706 559 769 p.
577 683 664 766 144),
689 686 725 749 of.
750 684 888 748 Antisth.
907 685 956 747 Αἰ.
973 688 1003 748 4.
1028 685 1083 748 Od.
1101 685 1130 749 3.
1148 686 1168 750 9
1188 694 1246 750 ete.
1264 723 1305 734 -

89 800 199 864 Nesoio
216 821 255 862 an
273 799 505 879 hrrloorolop‘ov
521 797 601 861 hane
613 797 708 862 verba
723 797 858 860 iterandi
874 806 974 860 artem
992 796 1082 862 Polus
1099 798 1305 882 appellaverit

87 915 178 977 ineo
201 912 290 990 libro,
314 911 403 975 euius
427 910 562 994 reliquas
584 917 688 994 partes
710 909 748 972 de
770 910 953 991 γνωμολογία
968 917 999 973 et
1015 911 1193 993 εἰνονολογία
1209 912 1304 976 fuisse

87 1026 176 1091 Plato
199 1025 297 1088 tradit
320 1024 466 1106 (Phaedr.
483 1023 577 1102 2670,
595 1023 632 1086 el.
648 1022 776 1086 Vorsolr.
792 1023 865 1086 tto
879 1022 920 1086 26
943 1043 972 1106 p.
989 1022 1052 1087 535
1069 1022 1140 1086 adn.
1158 1022 1242 1088 adv.
1258 1025 1303 1105 4).

87 1138 210 1203 Etenim
233 1137 341 1201 eadem
364 1136 425 1200 tria
449 1145 703 1199 ornamentorum
725 1155 839 1216 genera
862 1133 901 1198 ab
924 1135 978 1199 illo
996 1135 1127 1217 Gorgiae
1151 1135 1303 1222 discipulo

87 1257 221 1315 tractata
243 1251 276 1313 in
300 1249 503 1334 Antiphontis
526 1248 683 1332 sophistae
706 1245 888 1329 fragmentis
911 1247 1103 1310 invenimus:
1132 1249 1303 1312 sententias

85 1363 281 1447 magnificas,
332 1363 530 1445 metaphoras
573 1359 859 1443 similitudinesque
903 1359 1056 1443 poeticas,
1106 1361 1303 1425 verborum

85 1477 327 1540 iterationem
350 1496 390 1538 ao
412 1473 680 1556 symmetriam,
705 1472 756 1535 oui
776 1493 867 1535 nemo
884 1472 982 1554 magis
998 1472 1121 1536 videtur
1136 1473 1301 1538 studuisse.

84 1589 152 1652 Hoo
174 1587 348 1672 Sauppium
376 1595 407 1650 et
435 1585 625 1650 lleinelrium
654 1585 742 1666 fugit,
772 1585 825 1668 qui
854 1583 1013 1669 duplioata
1040 1584 1199 1649 nonnullis
1227 1586 1301 1650 loeis

82 1702 268 1766 deleverunt
289 1707 325 1763 ut
348 1698 481 1762 Cobetus
503 1705 536 1762 et
558 1697 720 1761 Cobetiani
743 1696 859 1760 similia
882 1695 1106 1781 Xenophontis.

170 1811 218 1876 Fr.
235 1810 301 1876 58³.
334 1810 412 1878 ὅστις
439 1814 489 1873 τοῦ
516 1810 632 1888 θοροῦ
659 1814 721 1876 ταῖς
749 1813 967 1892 παραχρῆμα
995 1809 1115 1890 ἡδοναῖς
1137 1809 1301 1893 ἐμφράσσει

333 1923 438 1992 αὐτὸς
461 1923 586 1985 ἑαυτὸν

283 2037 301 2100 b
336 2041 450 2119 κρατεῖν
474 2059 505 2097 τε
527 2035 575 2098 καὶ
597 2038 677 2097 νικᾶν
701 2034 837 2118 ἠδυνήθη
861 2033 967 2102 αὐτὸς
990 2033 1124 2097 ἑαυτόν.

283 2147 311 2212 e'
335 2148 367 2216 δς
390 2150 422 2211 δὲ
445 2147 542 2211 θέλει
565 2147 745 2232 χαρίσασθαι
767 2152 810 2230 τῷ
835 2148 935 2230 θυμῷ
960 2151 1191 2232 παραχρῆμα,

282 2261 310 2325 b’
334 2262 431 2325 θέλει
454 2261 489 2323 τὰ
512 2261 603 2324 κακίω
627 2259 689 2322 ἀντὶ
711 2266 769 2322 τῶν
792 2257 964 2340 ἀμεινόνων.

166 2375 214 2439 Fr.
232 2377 299 2440 toa
333 2375 401 2437 ὅταν
423 2376 477 2457 γάρ
500 2397 542 2442 τις
562 2374 730 2456 πράγματος
745 2371 798 2436 κᾶν
822 2373 945 2435 ὁτουοῦν
968 2374 1020 2455 τὴν
1045 2372 1157 2456 ἀρχὴν
1181 2372 1298 2456 ὀρθῶς

332 2490 499 2570 ποιήσηται,

281 2600 299 2664 b
333 2601 410 2667 εἰκδς
433 2601 481 2661 καὶ
504 2600 556 2680 τὴν
580 2601 747 2681 τελευτὴν
771 2597 887 2681 ὀρθῶς
910 2598 1071 2679 γίγνεσθαι·

285 2779 300 2820 o
334 2759 381 2820 καὶ
404 2755 459 2840 γὰρ
482 2761 519 2837 τῇ
541 2761 581 2838 γῇ
604 2755 665 2818 οἷον
690 2754 724 2817 ἄν
746 2778 788 2822 τις
810 2756 842 2816 rh
867 2754 983 2838 σπέρμα
1007 2754 1177 2838 ἑναρόσῃ,

280 2869 299 2933 d
333 2873 453 2932 τοιαῦτα
473 2870 522 2932 καὶ
545 2869 581 2931 τὰ
603 2865 714 2951 ἔκφορα
737 2869 783 2930 δεῖ
804 2869 981 2950 προσδοκᾶν·

282 2979 308 3045 o'
331 2983 379 3044 καὶ
413 2981 443 3044 ἐν
476 2981 534 3064 νέῳ
569 2983 682 3062 σώματι
716 2979 785 3044 ὅταν
819 3003 861 3048 τις
895 2981 947 3062 τὴν
981 2980 1132 3042 παίδευσιν
1165 2979 1295 3060 γενναίαν

329 3095 496 3177 ἐναρόσρ,
587 3099 590 3106 ’

274 3205 303 3268 d’
328 3209 366 3288 ζῇ
390 3211 475 3268 τοῦτο
498 3207 545 3268 καὶ
569 3207 670 3269 θάλλει
693 3207 742 3268 διὰ
764 3208 871 3273 παντὸς
893 3208 944 3266 τοῦ
969 3204 1031 3287 βίον
1054 3206 1115 3266 κτλ.

163 3317 262 3402 Saepe
296 3319 427 3383 eandem
461 3340 527 3382 rem
555 3341 608 3404 per
640 3320 880 3383 affirmationem
909 3324 940 3380 et
972 3316 1168 3398 negationem
1197 3317 1294 3397 effert,

69 3451 172 3515 quem
194 3451 286 3495 usum
314 3433 450 3495 maxime
476 3432 560 3516 apud
582 3440 690 3516 poetas
714 3431 832 3513 (Hom,
855 3427 1031 3512 tragg.)¹¹⁸)
1056 3438 1087 3492 et
1109 3430 1294 3493 vetustiores

67 3544 242 3628 scriptores
276 3543 413 3625 (Herod,
446 3543 533 3627 Gorg.
567 3544 620 3625 (ol.
650 3544 695 3609 Pl.
723 3543 812 3626 Gorg.
839 3543 952 3623 4520),
979 3543 1054 3604 Ant.
1084 3540 1151 3620 Rh.‚
1180 3539 1293 3622 Thur.)

67 3655 263 3721 invenimus.
307 3655 351 3720 Gf.
375 3656 632 3720 Kuehner-Gerth
654 3657 675 3719 l.
693 3678 717 3719 e.
742 3655 772 3718 ll
795 3651 841 3734 2³,
864 3653 937 3717 586.

164 3767 211 3831 Fr.
228 3768 268 3832 53
291 3768 339 3830 τδν
363 3771 491 3850 παρόντα
515 3771 566 3850 μὲν
595 3769 655 3853 βίον
679 3767 712 3830 οὐ
737 3771 825 3839 ζῶσιν
849 3816 855 3828 .
880 3813 888 3829 .
914 3815 921 3830 .
946 3768 986 3834 ὡς
1013 3765 1111 3849 ἕτερόν
1139 3789 1201 3829 τινα
1233 3764 1293 3850 βίον

66 3879 261 3968 βιωσόμενοι,
284 3879 318 3943 οδ
341 3881 389 3943 τδν
413 3879 550 3964 παρόντα.

162 3993 210 4057 Fr.
232 3994 275 4057 54
297 3992 331 4056 oh
355 3992 556 4078 χαρισαμένιρ,
580 3993 640 4055 ἀλλ’
662 3991 890 4077 ἀχαριστήσαντι
914 4038 921 4053 .
947 4041 953 4054 .
978 4038 985 4054 .
1012 4041 1018 4054 .
1042 3992 1124 4073 αὐτῷ
1149 3989 1292 4053 εἶναικαὶ

66 4107 113 4192 μὴ
139 4105 335 4170 ἀπολωλέναι.

162 4217 286 4302 Optime
309 4227 413 4284 autem
437 4241 475 4284 ex
497 4221 534 4283 lr.
551 4219 593 4284 49
617 4218 755 4300 intellegi
770 4224 882 4302 potest,
906 4224 1100 4302 quantopere
1116 4218 1190 4281 Ant.
1207 4237 1291 4298 sym-

63 4330 187 4396 metria
208 4331 275 4395 sive
298 4331 508 4415 parallelismo
533 4330 675 4414 gaudeat.

75 4455 276 4464 ’.μ-...-

165 4501 208 4572 ¹¹⁸)
228 4505 262 4557 cl.
283 4503 390 4556 Wilem.
409 4503 441 4556 ad
460 4503 537 4556 Here.
556 4519 580 4555 ν.
594 4501 654 4556 842.
