3128 5124
601 400 815 464 ..43-

83 578 206 636 contra
228 570 403 652 Socratem,
432 571 486 656 qui
514 592 547 636 se
575 591 759 656 persuasum
781 571 895 635 habere
918 569 1047 635 simulat
1069 570 1228 652 virtutem,
1251 569 1318 634 cni-

84 705 232 768 cumque
264 683 419 767 obtigerit,
452 692 566 748 natura
598 683 728 748 insitam
761 704 819 748 sua
851 692 961 769 sponte
992 703 1127 747 crescere
1155 691 1186 746 et
1213 682 1319 766 augeri

84 817 198 878 neque
221 795 325 860 doceri
347 816 447 881 posse,
471 797 653 878 Protagoras
668 796 745 861 dicit
760 797 907 861 omnibus
923 795 1103 860 hominibus
1118 793 1178 859 etsi
1193 794 1318 858 virtutis

84 909 199 974 civilis
227 908 381 992 quaedam
414 909 534 973 indoles
561 909 658 973 insita
684 908 725 973 sit
748 910 799 989 (ef.
824 907 913 972 32⁶2d
942 958 949 972 .
971 957 978 972 .
1000 909 1104 976 πάντες
1133 905 1317 991 μετεχόντων

84 1022 162 1086 scil.
191 1021 274 1106 δίκης
302 1022 350 1084 καὶ
377 1021 506 1104 αἰδοῦς),
535 1027 641 1085 tamen
671 1020 854 1085 educatione
881 1040 1061 1106 operasse,
1091 1028 1126 1084 nt
1148 1021 1247 1089 αἰδοῦς
1270 1021 1318 1083 καὶ

85 1134 179 1217 δίκης
205 1153 315 1197 sensus
343 1133 503 1198 excolatur
530 1140 624 1216 atque
652 1134 861 1199 confirmetur.
908 1136 973 1211 Quo
1001 1153 1095 1198 sensu
1122 1141 1152 1198 et
1175 1134 1318 1218 appetitu

86 1248 150 1330 qui
180 1252 285 1310 carcat
311 1244 375 1328 (τὸν
404 1247 444 1329 μὴ
474 1247 632 1328 δυνάμενον
659 1245 758 1312 alacer
779 1247 828 1309 καὶ
851 1245 934 1330 δίκης
958 1244 1091 1330 μετέχειν
1115 1244 1194 1328 κτλ.)
1216 1265 1317 1328 nequo

86 1358 225 1423 omnino
253 1358 357 1422 doceri
383 1358 493 1442 possit,
522 1379 648 1444 prorsus
675 1366 764 1422 extra
792 1357 974 1422 societatem
1000 1358 1173 1422 humanam
1200 1365 1232 1421 et
1253 1358 1317 1421 fero

87 1471 233 1536 bestiam
254 1491 320 1535 esse
342 1471 396 1551 (cf.
413 1470 509 1551 aare,
533 1470 627 1549 3230,
644 1470 757 1555 orca).
792 1471 951 1534 Virtutem
967 1478 1072 1534 antem
1089 1470 1189 1555 ipsam
1205 1477 1318 1534 natura

85 1584 240 1648 innatam
267 1604 330 1648 non
357 1603 423 1648 esse
447 1582 501 1666 (cf.
518 1583 603 1648 323c
630 1582 664 1646 ού
688 1582 773 1668 φύσει
796 1580 861 1646 οὐδ’
882 1582 940 1646 ἀπὸ
964 1587 1015 1646 τοῦ
1039 1581 1235 1663 αὐτομάτου),
1262 1580 1318 1645 sed
1353 1579 1356 1586 ‘

86 1695 198 1760 studio
223 1702 254 1760 et
274 1695 496 1760 exercitatione
516 1703 548 1760 et
563 1695 705 1760 doctrina
719 1696 893 1780 comparari
910 1695 962 1777 (cf.
978 1694 1082 1760 322d:
1106 1694 1136 1764 ἐξ
1152 1693 1317 1776 ἐπιμελείας

88 1812 142 1872 καὶ
167 1808 325 1890 ἀσκήσεως
348 1808 397 1871 καὶ
420 1807 568 1892 διδαχῆς).
607 1807 672 1872 Neo
695 1827 767 1871 voro
792 1828 899 1871 omnes
922 1806 1064 1871 doctrina
1079 1807 1217 1871 instituti
1233 1805 1317 1870 idem

89 1927 338 2003 consequuntur,
362 1919 438 2003 quia
460 1919 540 1984 alius
562 1919 691 1984 meliore
712 1919 792 1984 alius
812 1919 963 1984 deteriore
978 1918 1084 1983 indole
1099 1918 1260 2004 praeditus
1276 1917 1318 1981 sit

88 2032 148 2114 (cf.
164 2032 264 2096 aare:
288 2031 660 2116 εὐφυέστατος-ἀφυής).
691 2032 809 2097 Tamen
826 2031 985 2096 hominem
1002 2033 1097 2096 etiam
1113 2030 1198 2094 mala
1212 2028 1317 2094 indole

89 2143 286 2229 praeditum,
311 2144 479 2208 dnmmodo
503 2144 643 2208 eruditus
666 2145 717 2225 sit,
740 2165 776 2208 co
799 2144 854 2228 qui
870 2143 1045 2210 eruditione
1061 2143 1187 2208 omnino
1202 2149 1317 2221 careat,

89 2275 221 2339 semper
252 2275 317 2320 esse
350 2257 610 2340 praestantiorem
641 2257 695 2340 (cl.
724 2255 891 2341 3270sq.).
941 2256 1012 2320 Tali
1046 2263 1152 2320 autem
1185 2254 1317 2336 ratione,

90 2367 242 2452 quamvis
266 2368 429 2433 aPlatone
452 2369 616 2433 obscurata
638 2369 689 2452 sit,
713 2371 913 2452 Protagoram
935 2370 1041 2453 ipsum
1062 2389 1130 2432 osse
1152 2389 1243 2433 usum
1259 2367 1317 2432 hoo
1416 2386 1420 2398 ·

89 2479 276 2545 testimonio
299 2481 678 2564 confirmatur(Vorsolr.'
699 2482 773 2560 111,
797 2481 907 2546 7433
929 2502 959 2566 p.
977 2480 1129 2565 537,1e):
1154 2479 1197 2544 ύτι
1221 2479 1251 2542 ἐν
1274 2484 1316 2563 τῷ

90 2591 321 2675 ἐπιγραφομένῳ
350 2591 481 2677 Μεγάλῳ
509 2591 588 2677 λύχιρ
617 2595 633 2656 ύ
658 2591 694 2657 ll.
718 2593 796 2657 εἶπε·
826 2593 960 2677 “φύσειος
987 2594 1035 2656 καὶ
1062 2593 1218 2676 ἀσκήσεως
1244 2593 1319 2656 διδα-

91 2705 202 2768 σκαλία
233 2702 331 2768 δεῖταί
363 2707 411 2769 καὶ
434 2703 509 2768 (ἀπὸ
537 2705 672 2790 νεύτητος
698 2707 731 2769 δὲ
758 2705 939 2791 ἀρξαμένους
966 2707 1012 2768 δεῖ
1038 2704 1215 2786 puellarem.
1272 2705 1317 2770 (ll.

91 2817 141 2882 Pl.
159 2817 244 2881 Prot.
261 2817 360 2882 3250:
384 2818 551 2882 ἐκπαίδων
575 2823 705 2903 σμικρῶν
729 2818 884 2904 ἀρξάμενοι
907 2815 1018 2900 κτλ.”)
1062 2817 1128 2881 Etsi
1151 2818 1246 2901 igitur
1268 2818 1317 2884 in·

91 2929 177 2995 dolis
204 2938 324 3015 partem
352 2930 467 3014 (φύσις)
494 2952 558 2995 non
585 2931 781 3015 neglegebat,
813 2941 921 2994 tamen
949 2929 989 2993 ad
1016 2931 1164 2995 virtutem
1193 2929 1318 2995 civilem

91 3041 339 3126 comparandam
377 3043 549 3127 plurimum
587 3043 691 3108 volere
728 3043 861 3127 putabat
898 3043 1074 3108 doctrinam
1108 3042 1250 3127 (διδαχή)
1287 3051 1319 3106 et

92 3154 351 3220 exercitationem
386 3155 644 3240 diligentiamque
677 3155 825 3240 (ἄσκησις,
860 3155 1037 3240 ἐπιμέλεια).
1090 3156 1196 3239 Atque
1227 3154 1317 3219 Euri-

92 3266 195 3351 pides,
220 3266 363 3350 quamvis
385 3267 456 3330 aliis
479 3266 555 3331 locis
578 3267 667 3332 aliter
689 3269 820 3333 sentiret
835 3267 889 3349 (ci.
907 3268 1001 3353 Hipp.
1014 3269 1087 3346 919,
1103 3269 1140 3331 fr.
1153 3267 1226 3332 810.
1239 3267 1318 3352 904)

91 3378 297 3465 disciplinam
332 3378 399 3443 eius
427 3355 574 3464 probavit
601 3380 726 3465 (Suppl.
747 3380 915 3464 illlsqq.):
949 3383 982 3444 τδ
1016 3381 1071 3465 γὰρ
1104 3385 1248 3465 τραφῆναι
1276 3381 1317 3463 μὴ

91 3497 197 3560 κακῶς
224 3492 299 3554 αἰδῶ
326 3490 422 3575 φέρει·
451 3492 619 3577 αἰσχύνεται
645 3493 678 3556 δὲ
701 3490 804 3575 τάγάθ’
827 3493 986 3576 ἀσκήσας
1009 3493 1082 3576 ἀνὴρ
1106 3495 1195 3560 κακὸς
1217 3495 1319 3575 aazia·
1368 3541 1370 3546 .

92 3606 168 3668 ederi
195 3607 254 3670 τᾶς
276 3625 327 3672 τις.
372 3606 390 3686 ἡ
416 3602 441 3668 δ’
467 3604 602 3689 εὐανδρία
630 3603 807 3680 διδακτός,
834 3604 915 3688 εἴπερ
943 3606 991 3669 καὶ
1019 3604 1126 3689 βρέφος
1153 3607 1319 3669 διδάσκεται

91 3716 190 3797 λέγειν
227 3715 343 3779 ἀκούειν
374 3713 403 3778 t'
429 3719 470 3779 ὧν
499 3717 628 3800 μάθησιν
657 3716 711 3781 oda
745 3715 819 3802 ἔχει.
864 3717 883 3780 ἀ
911 3716 937 3780 δ’
963 3716 998 3780 ἀν
1027 3718 1111 3802 μάθη
1139 3741 1195 3790 τις,
1229 3720 1320 3781 ταῦτα
1367 3708 1383 3732 γ

92 3827 250 3912 σῴζεσθαι
287 3832 367 3911 φιλεῖ
402 3831 475 3914 πρὸς
510 3834 611 3913 γῆρας.
662 3831 739 3893 οὕτω
777 3831 882 3898 παῖδας
919 3827 951 3893 εύ
991 3830 1143 3894 παιδεύετε
1158 3827 1206 3913 ⁹⁹).
1264 3830 1320 3893 His

187 4048 221 4114 ⁹⁸)
240 4050 274 4102 σί.
294 4049 355 4103 adn.
370 4049 411 4104 98.

188 4137 222 4204 ⁹⁹)
242 4138 314 4191 Haec
333 4139 403 4192 anim
424 4155 479 4192 non
498 4139 533 4191 ad
552 4137 701 4204 Prodicum,
725 4143 754 4191 nt
773 4139 928 4193 Welolrerus
948 4141 1003 4206 (ill.
1023 4139 1096 4194 Sohr.
1109 4141 1134 4193 Il
1153 4139 1224 4206 509),
1243 4156 1318 4208 quem

94 4225 223 4280 Nastleus
236 4225 357 4294 sequitur
374 4227 402 4291 (l.
416 4242 437 4278 ο.
457 4243 483 4295 p.
497 4227 550 4293 71),
571 4231 655 4294 putat,
674 4226 721 4278 sed
740 4226 774 4278 ad
789 4227 959 4296 Protagoram
978 4235 1097 4296 spectare
1111 4245 1144 4282 ex
1157 4245 1188 4282 eo
1202 4232 1320 4296 apparet,

92 4313 170 4383 qnod
195 4313 289 4366 eodem
312 4313 420 4381 linguae
444 4314 587 4368 discendae
610 4319 767 4382 argumento
791 4317 826 4378 (v.
844 4316 895 4368 914
906 4318 957 4385 sq.)
986 4317 1202 4384 Disputationum
1227 4320 1320 4370 auctor

92 4401 194 4466 (Δισσοί
212 4401 291 4470 λύγοι,
310 4401 436 4455 Vorsolr.⁹
460 4403 484 4455 ll
505 4404 528 4468 l,
549 4401 592 4456 83.
612 4403 670 4469 6,ss
683 4402 733 4470 eq.)
752 4404 845 4468 utitur,
866 4419 943 4471 quam
957 4404 1117 4472 Protagorae
1136 4405 1318 4458 auctoritatem

93 4490 140 4554 (ci.
172 4487 212 4541 Pl.
241 4489 313 4542 Prot.
331 4488 416 4542 aare.
444 4489 528 4558 3270)
557 4495 677 4544 secutum
706 4505 766 4543 esse
788 4491 907 4544 Zellerus
936 4491 1128 4545 demonstrarit
1159 4493 1188 4556 (l.
1205 4509 1228 4545 ο.
1252 4492 1279 4544 1⁵
1303 4493 1319 4544 2
