3128 5124
592 407 806 470 ...15-

83 581 119 644 τδ
146 581 180 643 δὲ
206 579 381 664 ἀντιτάχθαι
408 577 545 661 ἀλλήλοις
578 581 615 660 τή
642 579 746 661 γνώμη
780 577 939 646 ἀπίστως
971 576 1019 640 ἐπὶ
1053 577 1127 642 πολὺ
1162 578 1309 662 διήνεγκεν

81 693 199 774 (Thau.
223 691 400 772 11183,1).
456 692 542 768 Quae
576 699 680 754 autern
714 689 831 754 luerint
865 690 910 754 rei
945 690 1090 773 publicae
1123 699 1236 775 partes,
1270 711 1309 756 ex

85 804 245 891 Euripidis
267 802 375 890 Suppl.
398 824 429 867 ν.
445 801 581 888 238sqq.
604 785 919 887 eognovimuszlrpsrc
945 801 1000 886 γὰρ
1028 806 1157 866 πολιτῶν
1181 803 1308 887 μεριδες·

84 919 115 981 οἱ
151 919 204 998 μέν
237 915 330 1001 ὄλβιοι
364 916 561 999 ἀνωφελεῖς
593 937 626 978 τε
659 916 801 978 πλειόνων
836 914 860 977 τ’
888 912 975 997 έρῶσ’
1007 915 1068 978 ἀεί·
1102 917 1129 978 ei
1163 914 1191 980 δ’
1226 915 1311 980 οὐδὲν

85 1026 219 1112 όντες’”)
240 1030 289 1092 καὶ
312 1029 498 1100 σπανίζοντες
525 1027 599 1112 βίου,
627 1029 714 1092 δεινοὶ
742 1027 879 1110 νέμοντες
905 1031 949 1111 τῷ
977 1027 1080 1111 φθόνῳ
1108 1027 1196 1092 πλέον
1224 1029 1312 1112 μέρος

86 1143 130 1213 είς
156 1142 225 1211 τούς
250 1139 372 1227 ἔχοντας
400 1139 493 1225 κέντρ’
527 1139 645 1223 ἀφιᾶσιν
672 1141 758 1219 κακοί,
786 1143 933 1222 γλώσσαις
963 1147 1100 1225 πονηρῶν
1138 1148 1311 1226 προστατῶν

85 1253 282 1338 φηλούμενοι·
306 1259 393 1335 τριῶν
413 1253 446 1316 δὲ
461 1258 573 1337 μοιρῶν
589 1256 609 1336 ἠ
625 1250 649 1313 ’ν
666 1251 749 1337 μέσῳ
766 1245 856 1336 σφ’ζει
871 1249 981 1334 πόλεις,
997 1254 1108 1336 κόσμον
1124 1253 1306 1336 φολάσσουσ’

86 1365 175 1431 ὅντιν’
216 1365 251 1428 ἂν
284 1365 357 1448 τάέη
392 1364 484 1434 πόλις.
530 1366 607 1430 Cum
636 1365 684 1429 his
713 1367 853 1429 conferas
879 1363 979 1430 Thuu.
1008 1363 1174 1448 11182,8τ
1210 1366 1247 1430 τὰ
1279 1369 1312 1430 δὲ

88 1477 168 1562 μέσα
196 1483 253 1542 τῶν
280 1481 407 1541 πολιτῶν
435 1473 483 1540 ὑπ’
517 1476 692 1561 ἀμφοτέρων
720 1477 739 1560 ή
769 1475 815 1540 ότι
842 1476 876 1541 οὐ
910 1475 1133 1560 Ευνηγωνίίοντο
1160 1479 1179 1562 ή
1207 1478 1312 1564 φθόνῳ

87 1595 143 1656 τοῦ
170 1595 310 1674 περιεῖναι
337 1589 545 1673 διεφθείροντο.
590 1589 640 1654 Fit
666 1588 761 1673 igitur
786 1589 819 1653 id
847 1589 929 1673 quud
959 1589 1047 1654 Plato
1075 1590 1108 1654 in
1135 1589 1206 1673 Leg.
1223 1591 1313 1658 626d

88 1703 182 1768 dicit:
198 1703 231 1766 τό
246 1703 405 1785 πολεμίους
421 1701 494 1766 εἶναι
511 1705 619 1771 πάντας
635 1705 732 1775 πᾶσιν,
748 1702 823 1766 item
837 1701 912 1787 Rep.
925 1702 985 1766 551
995 1702 1029 1765 d:
1045 1703 1079 1765 τό
1096 1703 1137 1784 μὴ
1155 1703 1221 1785 μίαν
1238 1703 1313 1767 ἀλλὰ

87 1816 143 1880 δύο
165 1816 279 1899 ἀνάγκη
302 1814 375 1880 εἶναι
398 1817 450 1898 τήν
473 1815 608 1898 τοιαύτην
632 1813 726 1895 πόλιν,
741 1815 794 1896 τὴν
811 1815 863 1897 μὲν
880 1815 1023 1898 πενήτων,
1039 1816 1091 1898 τὴν
1108 1816 1140 1878 δὲ
1155 1817 1313 1890 πλουσίων,

87 1930 241 1996 οἰκοῦντας
272 1929 303 1990 έν
330 1933 373 2012 τῷ
400 1926 491 2011 αὐτῷ,
521 1927 567 1990 ἀεὶ
594 1926 836 2011 ἐπιβουλεύοντας
864 1927 1013 2012 ἀλλήλοις.
1062 1929 1149 2005 Quae
1175 1949 1245 1993 eum
1269 1929 1315 1993 ita

87 2050 204 2116 essem,
215 2041 275 2105 nisi
288 2041 369 2104 bona
381 2039 576 2124 aequabilius
588 2039 861 2121 distribuerentur,
874 2040 949 2104 haee
960 2039 1005 2103 rei
1019 2039 1160 2125 publieae
1172 2042 1267 2125 pestis
1275 2037 1316 2124 ⁸⁰)

89 2153 198 2218 eanm‘l
218 2173 281 2218 non
309 2172 400 2238 posse
425 2151 606 2216 videbatur:
630 2153 713 2215 δοκεῖ
743 2153 797 2236 γάρ
832 2171 888 2215 τισι
922 2152 959 2214 τὸ
994 2152 1073 2234 περὶ
1107 2152 1159 2221 τὰς
1192 2152 1316 2222 οὐσίας

89 2265 185 2330 εἶναι
208 2265 374 2348 μέγιστον
398 2267 571 2348 τετάχθαι
598 2267 726 2333 καλῶς·
762 2266 842 2347 περὶ
875 2263 940 2347 γὰρ
967 2265 1101 2328 τούτων
1130 2266 1318 2329 ποιεῖσθαί

88 2399 177 2462 φασι
198 2377 259 2446 τὰς
282 2379 425 2444 στάσεις
445 2379 587 2446 πάντας.
611 2378 655 2440 διδ
676 2376 796 2445 Φαλέας
812 2376 828 2439 ‘u
845 2375 1047 2460 Χαλκηδόνιος
1066 2375 1144 2441 τοῦτ’
1166 2379 1316 2461 εἰσήνεγκε

89 2495 217 2573 πρῶτος.
241 2491 314 2573 φησὶ
336 2491 391 2571 γὰρ
414 2491 474 2552 δεῖν
498 2487 562 2558 ίσοις
585 2487 658 2552 εἶναι
680 2489 732 2558 τὰς
754 2491 871 2573 κτήσεις
894 2493 952 2551 τῶν
974 2493 1101 2552 πολιτῶν
1124 2490 1235 2572 (Arist.
1251 2490 1316 2556 Pol.

91 2604 172 2668 B‘l.
198 2601 363 2667 1266⁸36.
414 2601 720 2685 Vorsok.¹127,1).
776 2602 836 2666 Sed
860 2602 914 2667 alii
936 2602 1024 2667 alind
1044 2603 1233 2668 sentiebant.
1272 2603 1317 2668 Ut

91 2723 204 2780 auctor
224 2715 279 2779 ille
300 2713 476 2796 lambliehi,
501 2735 594 2799 quem
619 2714 757 2779 blaseius
781 2714 909 2790 detexit,
932 2714 1014 2796 leges
1041 2714 1248 2798 institutaque
1270 2715 1316 2778 rei

91 2827 239 2914 publicae
266 2827 342 2892 aden
371 2847 432 2890 non
460 2825 684 2891 commutanda
712 2846 779 2890 esse
808 2833 922 2906 censet,
952 2834 986 2890 nt
1019 2825 1052 2891 in
1080 2827 1250 2891 retinendis
1277 2828 1316 2892 iis

89 2939 319 3023 diligenterque
347 2937 549 3003 observandis
576 2959 732 3002 summam
760 2937 896 3002 salutem
925 2947 1020 3022 ponat
1041 2927 1096 3020 (cl.
1122 2937 1263 3004 Vorsnlr.'
1287 2939 1317 3002 ll

93 3057 123 3132 1,
146 3051 199 3116 82.
223 3051 285 3132 6,1
310 3073 340 3137 p.
363 3049 437 3130 632,
453 3049 520 3132 23).
581 3049 653 3136 Nisi
683 3049 766 3114 enim
801 3049 884 3132 leges
916 3049 1052 3131 valeant,
1087 3070 1190 3133 neque
1223 3049 1316 3114 fldem

91 3163 194 3228 ullam
216 3183 282 3228 esse
303 3183 405 3246 neque
427 3163 608 3227 societatem
631 3161 807 3227 eommunis
830 3161 978 3226 utilitatis
994 3182 1100 3226 eausa:
1125 3162 1242 3229 πίστις
1264 3163 1317 3244 μὲν

89 3278 197 3359 πρώτη
221 3272 379 3356 ἐγγίγνεται
401 3274 435 3337 ἐκ
458 3278 510 3357 τῆς
532 3274 669 3357 εὐνομίας
693 3275 804 3356 μεγάλα
832 3276 1021 3354 ὠφελοῦσα
1048 3273 1115 3342 τούς
1142 3275 1317 3358 ἀνθρώπους

90 3388 162 3456 τούς
183 3385 364 3467 σύμπαντας,
391 3388 440 3450 καὶ
467 3392 526 3450 τῶν
554 3389 690 3470 μεγάλων
718 3387 839 3468 ἀγαθῶν
867 3386 952 3450 τοῶτό
980 3388 1054 3450 ἐστι·
1079 3386 1178 3450 κοινὰ
1200 3387 1254 3471 γδιρ
1278 3388 1319 3450 τὰ

90 3501 264 3585 χρήματα
290 3499 415 3581 γίγνεται
442 3499 473 3569 ἐξ
499 3499 601 3583 αὐτῆς,
630 3503 676 3564 καὶ
704 3500 782 3563 ούτω
810 3501 863 3582 μὲν
890 3500 941 3563 ἐὰν
968 3501 1017 3563 καὶ
1044 3500 1127 3582 ὀλίγα
1154 3497 1175 3584 ή
1204 3501 1320 3583 ἐξαρκεῖ

92 3613 177 3694 όμως
200 3611 440 3694 κυκλούμενα,
464 3610 534 3675 άνεο
559 3613 591 3676 δὲ
617 3612 723 3696 ταύτης
749 3611 812 3675 οὐδ’
845 3611 880 3674 ἂν
903 3613 997 3674 πολλὰ
1023 3608 1044 3695 ή
1070 3612 1193 3696 ἐξαρκεῖ.
1217 3614 1266 3675 καὶ
1288 3614 1319 3675 ui

90 3725 181 3810 τύχαι
197 3725 231 3787 δὲ
246 3725 277 3787 αἱ
300 3725 341 3793 είς
364 3726 401 3788 τὰ
424 3726 563 3808 χρήματα
585 3727 634 3789 καί
657 3725 706 3787 τδν
730 3725 802 3812 βίον,
826 3724 862 3787 ul
879 3748 911 3787 τε
934 3724 1044 3806 ἀγαθαὶ
1066 3727 1115 3798 καί
1138 3724 1190 3807 μή,
1215 3725 1249 3788 ἐκ
1265 3729 1318 3808 τῆς

89 3835 232 3918 εὐνομίας
268 3839 328 3905 τοῖς
361 3835 530 3919 ἀνθρώποις
566 3839 799 3921 προσφορώτατα
836 3837 1046 3920 κυβερνῶνται·
1093 3837 1159 3906 τούς
1195 3860 1227 3900 τε
1263 3839 1318 3919 γόιρ

90 3949 295 4034 εὐτυχοῦντας
321 3948 451 4033 ἀσφαλεῖ
475 3948 552 4032 αὐτῇ
580 3949 713 4034 χρῆσθαι
740 3949 789 4012 καὶ
823 3948 1069 4033 άνεπιβουλεύτιρ,
1104 3949 1185 4017 τούς
1212 3972 1248 4012 τε
1276 3948 1318 4012 αὐ

190 4161 223 4226 lv)
242 4163 361 4226 Wilanr.;
381 4162 429 4216 οὐκ
448 4163 549 4235 ἔχοντες
568 4162 645 4216 οοόό.

184 4251 220 4316 ⁸⁰)
240 4251 273 4304 ui.
293 4251 332 4305 Pl.
352 4251 417 4321 Leg.
435 4251 509 4304 illd
529 4250 566 4304 δεῖ
584 4253 631 4321 γάρ
650 4251 677 4304 ίν
696 4250 767 4304 πόλει
785 4268 842 4316 που,
862 4252 953 4319 φαμέν,
973 4251 1007 4324 τῇ
1024 4255 1069 4304 τού
1088 4251 1205 4320 μεγίστου
1224 4251 1319 4321 νοσή·

93 4357 194 4408 ματος
212 4338 243 4392 οὐ
262 4337 414 4410 μεθεξούσῃ,
442 4338 455 4391 δ
480 4339 605 4392 διάστασιν
631 4339 647 4410 ἡ
672 4341 779 4393 στάσιν
804 4337 938 4410 ὀρθότερον
962 4339 993 4392 δν
1017 4339 1054 4409 τίη
1075 4337 1225 4410 κεκλῆσθαι,
1253 4340 1319 4409 μήτε

92 4427 182 4480 πενίαν
195 4427 244 4497 τήν
257 4425 371 4499 χαλεπὴν
385 4428 476 4480 ίνεῖναι
493 4428 561 4498 παρά
578 4443 640 4480 τισιν
660 4433 712 4480 τῶν
726 4427 837 4482 πολιτῶν
850 4428 915 4498 μήτε
929 4426 960 4479 αὐ
974 4426 1090 4492 πλοῦτον,
1110 4426 1146 4486 ῶς
1166 4428 1318 4498 ἀμφοτέρων

90 4515 237 4570 τικτόντων
255 4519 336 4568 ταῦτα
354 4516 493 4586 ἀμφότερα.

1360 2322 1390 2373 s
