3128 5124
593 415 804 478 „41-

83 584 207 649 malum
234 587 314 650 bono
343 587 491 670 praefert:
521 584 553 652 ὃς
575 585 607 647 δὲ
630 583 711 647 θέλει
733 584 914 668 χαρίσασθαι
937 590 979 669 τῷ
1003 585 1091 667 θυμῷ
1115 585 1307 667 παραχρῆμα,

84 698 168 761 θέλει
201 698 237 760 τὰ
271 699 363 762 κακίω
397 698 460 760 ἀντὶ
494 702 552 760 τῶν
585 695 754 776 ἀμεινόνων.
800 697 852 761 Sic
880 699 938 762 hae
965 696 1140 761 sententiae
1168 696 1250 760 inter
1277 715 1308 758 so

83 812 250 875 cohaerere
283 811 361 875 mihi
394 811 548 875 videntur.
600 810 756 874 Nimirum
791 810 941 892 gloriatur
969 809 1130 893 Antiphon
1162 815 1244 872 reete
1276 827 1309 871 se

85 924 217 987 detinire
244 925 500 1009 temperantiam,
531 930 566 986 ut
594 922 734 1006 aequalis
757 930 804 987 est
826 922 963 1001 Prodici,
992 923 1045 1005 qui
1069 923 1133 1004 περὶ
1157 921 1309 1004 ὀνομάτων

85 1035 247 1117 ὀρθότητος
271 1035 377 1099 docuit
398 1035 460 1118 (Pl.
478 1035 592 1118 Cratyi.
609 1034 725 1117 384b).
760 1034 870 1119 Neque
893 1034 984 1097 aliter
1007 1033 1153 1116 Agathou
1176 1033 1208 1096 in
1232 1032 1310 1097 Gon-

86 1149 172 1212 rivio
194 1148 272 1230 (196
280 1149 314 1228 b)
333 1147 573 1232 temperantiam
591 1147 749 1211 definivit:
773 1146 915 1229 εἶναιγὰρ
932 1146 1117 1227 ὁμολογεῖται
1133 1144 1308 1228 σωφροσύνη

85 1262 117 1322 τὸ
148 1266 261 1344 κρατεῖν
292 1262 407 1343 ἡδονῶν
435 1263 482 1322 καὶ
510 1260 683 1339 ἐπιθυμιῶν.
730 1260 807 1324 Cum
836 1281 886 1338 eo,
917 1259 999 1342 quod
1026 1258 1177 1343 sequitur,
1206 1259 1279 1322 conf
1295 1293 1309 1303 -

87 1373 221 1435 rendum
244 1380 291 1435 est
312 1371 484 1437 Democriti
506 1372 543 1434 fr.
561 1371 638 1434 236:
670 1371 760 1455 θυμῷ
784 1371 934 1454 μάχεσθαι
958 1371 1010 1453 μὲν
1034 1363 1177 1453 χαλεπόν·
1206 1370 1310 1453 ἀνδρὸς

88 1487 118 1547 δὲ
143 1487 176 1547 τὸ
199 1484 327 1567 κρατέειν
351 1484 518 1566 εὐλογίστου
541 1485 594 1567 (ci.
619 1485 654 1546 tr.
672 1484 759 1566 214).
806 1483 929 1547 Etenim
952 1482 1155 1546 stultissimus
1179 1482 1310 1566 quisque

87 1598 207 1661 malum
237 1598 317 1661 bono
345 1597 496 1681 praefert,
531 1606 566 1660 ut
598 1607 645 1659 est
672 1597 703 1659 iu
732 1595 861 1678 antiquo
890 1615 996 1675 versu,
1031 1595 1119 1658 cuius
1148 1594 1309 1679 Antiphon

88 1711 247 1776 meminit:
271 1709 356 1774 ιοὐδὲ
378 1709 481 1793 γυνή’,
504 1711 605 1794 φασίν,
625 1709 780 1773 “τοσσόνδε
803 1711 870 1773 νόου
894 1710 1057 1772 ἐπιδεύεται
1081 1709 1203 1791 ἐσθλοῦ,
1232 1709 1309 1771 ὥστε

87 1823 202 1907 χέρειον
226 1824 345 1887 ἑλέσθαι
369 1822 562 1906 ἀμεινοτέρων
576 1820 767 1904 ,παρεόντων
795 1821 901 1903 (Philo
925 1822 963 1885 de
979 1831 1039 1886 aet.
1055 1821 1165 1885 mundi
1188 1841 1218 1905 p.
1235 1821 1308 1902 500,

89 1936 125 2000 ci.
151 1936 252 1999 Crusii
274 1937 307 2000 in
331 1937 427 2000 Anth.
444 1937 501 2018 lyr.
519 1936 591 1999 adn.
608 1935 657 2000 ad.
675 1935 811 2017 Theogn.
837 1954 867 1996 v.
884 1933 952 2016 21).

174 2048 326 2112 Venimus
348 2069 432 2112 nunc
455 2047 495 2113 ad
518 2048 554 2111 fr.
572 2047 624 2126 60,
648 2046 730 2130 quod
754 2067 824 2109 eum
848 2044 886 2108 de
901 2066 1025 2109 summa
1041 2066 1072 2108 ro
1088 2046 1140 2120 sit,
1164 2054 1310 2109 accurata

90 2161 345 2244 interpretatione
369 2161 499 2244 dignum
515 2159 653 2224 videtur:
676 2165 803 2242 πρῶτον,
827 2158 919 2240 οἶμαι,
944 2164 1001 2221 τῶν
1018 2157 1048 2220 ἐν
1065 2159 1231 2242 ἀνθρώποις
1248 2157 1309 2220 ἐστὶ

90 2273 249 2340 παίδευσις·
286 2272 353 2335 ὅταν
387 2275 441 2355 γάρ
475 2296 517 2341 τις
551 2272 720 2356 πράγματος
753 2269 807 2333 κᾶν
843 2271 962 2334 ὁτουοῦν
996 2273 1049 2354 τὴν
1084 2271 1181 2355 ἀρχὴν
1212 2270 1310 2354 ὀρθῶς

90 2387 246 2470 ποιήσηται
285 2386 362 2453 εἰκὸς
401 2387 449 2447 καὶ
487 2385 540 2466 τὴν
579 2384 714 2466 τελευτὴν
755 2384 852 2466 ὀρθῶς
890 2383 1052 2464 γίγνεσθαι·
1092 2386 1141 2445 καὶ
1178 2382 1233 2465 γὰρ
1270 2388 1307 2464 τῇ

90 2503 130 2578 γῇ
163 2497 224 2560 οἷον
255 2497 289 2561 ἄν
321 2521 361 2566 τις
389 2499 421 2560 τὸ
454 2496 593 2581 σπέρμα
626 2495 765 2580 ἐναρόσγγ,
799 2500 918 2558 τοιαῦτα
944 2497 993 2558 καὶ
1028 2495 1063 2557 τὰ
1098 2492 1232 2580 ἔκφορα
1266 2497 1311 2558 δεῖ

90 2613 267 2694 προσδοκᾶν·
302 2612 349 2672 καὶ
384 2610 418 2671 ἐν
452 2610 519 2693 νέῳ
548 2612 684 2688 σώματι
718 2608 785 2672 ὅταν
814 2632 856 2676 τις
883 2609 934 2689 τὴν
970 2609 1152 2671 παίδευσιν
1180 2608 1309 2689 γενναίαν

91 2723 232 2806 ἐναρόσγγ,
277 2726 314 2805 ζῇ
354 2727 438 2785 τοῦτο
477 2725 526 2784 καὶ
567 2723 669 2785 θάλλει
708 2722 755 2784 διὰ
794 2722 900 2789 παντὸς
938 2725 988 2783 τοῦ
1028 2721 1108 2804 βίον,
1153 2722 1200 2783 καὶ
1238 2721 1308 2783 αὐτὸ

91 2834 156 2896 οὔτε
184 2835 294 2919 ὄμβρος
322 2833 389 2898 οὔτε
417 2835 559 2918 ἀνομβρία
588 2835 763 2918 ἀφαιρεῖται.
809 2835 898 2898 Hanc
925 2833 1118 2898 educationis
1142 2855 1211 2896 cum
1237 2855 1309 2916 agro

91 2947 217 3010 colendo
240 2947 480 3010 similitudinem
505 2955 540 3010 ut
563 2946 675 3009 melius
699 2946 862 3028 intellegas
879 2945 955 3029 quid
971 2945 1031 3008 sibi
1047 2944 1133 3023 velit,
1156 2943 1309 3007 rationem

92 3059 284 3143 disciplinae,
308 3081 371 3143 qua
393 3059 456 3122 illis
479 3058 671 3143 temporibus
688 3059 736 3122 usi
750 3058 822 3139 sint,
846 3059 953 3142 paucis
969 3056 1172 3120 adumbrabo.
1204 3058 1309 3140 Atque

92 3171 251 3255 Antiphon
275 3171 401 3254 quidem
417 3172 565 3236 virtutem
583 3171 703 3235 homini
720 3193 781 3235 uon
798 3171 940 3234 innatam
956 3190 1031 3249 esse,
1056 3169 1109 3232 sed
1126 3168 1309 3232 educatione

92 3293 123 3347 et
150 3284 291 3347 doctrina
314 3285 488 3368 comparari
512 3291 676 3347 asseverat.
723 3284 818 3347 Nulla
841 3291 945 3346 autem
970 3303 1002 3346 re
1025 3281 1123 3345 animi
1146 3281 1309 3344 hominum

92 3396 187 3477 magis
214 3406 282 3460 tum
310 3396 518 3460 movebantur
545 3416 639 3479 quam
666 3416 704 3458 ea
731 3396 924 3478 quaestione,
955 3395 1054 3458 virtus
1076 3401 1183 3457 utrum
1206 3393 1310 3456 doceri

94 3514 195 3591 posset
218 3530 325 3572 necne.
369 3508 450 3572 Nam
474 3515 509 3572 ut
531 3508 570 3571 de
592 3507 651 3570 hac
673 3529 707 3570 re
729 3507 922 3588 iudicabant,
946 3508 991 3570 ita
1014 3507 1052 3570 de
1075 3527 1107 3570 re
1130 3505 1256 3590 publica
1279 3515 1310 3569 et

92 3619 130 3682 de
154 3621 290 3684 moribus
313 3620 501 3684 sentiebant.
540 3622 639 3698 Quam
663 3620 769 3684 variae
792 3627 896 3682 autem
921 3632 1014 3702 atque
1038 3617 1177 3683 diversae
1194 3618 1311 3682 fuerint

91 3733 276 3810 sententiae,
311 3733 512 3815 cognovimus
540 3754 556 3796 e
585 3732 717 3796 Menona
745 3731 898 3808 Platonis,
927 3731 1014 3795 cuius
1041 3732 1191 3796 sermonis
1218 3731 1310 3794 initio

93 3845 181 3907 ,tiano
217 3846 377 3909 Socratem
415 3845 600 3926 interrogat:
639 3842 719 3928 ἔχεις
758 3868 806 3924 μοι
844 3846 949 3916 εἰπεῖν,
988 3845 1012 3906 ῶ
1046 3843 1215 3925 Σώκρατες,
1253 3841 1309 3926 ἆρα

92 3958 253 4021 διδακτόν
282 3959 302 4039 ἡ
331 3958 435 4040 ἀρετή;
465 3957 485 4039 ἢ
512 3956 546 4018 οὐ
574 3957 721 4035 διδακτόν,
750 3955 816 4019 ἀλλ’
845 3957 1014 4040 ἀσκητόνς
1042 3956 1061 4038 ἢ
1090 3955 1156 4018 οὔτε
1183 3957 1309 4038 ἀσκητὸν

91 4068 160 4130 οὔτε
185 4071 332 4152 μαθητόν,
359 4070 436 4133 ἀλλὰ
458 4069 560 4153 φύσει
588 4069 792 4152 παραγίγνεται
819 4075 880 4137 τοῖς
907 4070 1075 4153 ἀνθρώποις
1102 4070 1121 4151 ἢ
1151 4068 1232 4152 ἄλλῳ
1256 4091 1309 4130 τινι

92 4181 204 4264 τρέποργ
243 4181 319 4245 Tres
345 4181 442 4264 igitur
469 4189 557 4245 erant
584 4182 772 4261 sententiae,
801 4202 934 4265 quarum
961 4183 1015 4264 qui
1044 4181 1175 4265 primam
1203 4201 1310 4264 seque-

92 4415 154 4478 ipsa
173 4413 347 4480 temperantia
366 4413 462 4481 agitur,
487 4413 572 4481 qualis
592 4413 628 4466 sit
647 4414 675 4464 in
694 4428 734 4478 eo,
759 4414 804 4482 qui
824 4415 882 4481 spei
901 4412 1015 4466 nocendi
1035 4413 1156 4466 obsistat.
1194 4413 1310 4480 Brachy-

93 4501 166 4569 togia
183 4500 266 4569 igitur
286 4504 326 4554 est
345 4500 494 4565 statuenda,
514 4501 615 4555 scilicet
633 4499 649 4572 ἡ
670 4499 736 4559 ὅστις
755 4516 809 4555 non
828 4502 861 4555 ad
882 4499 956 4558 ἀλλος
975 4539 1001 4554 ..
1021 4520 1057 4558 τις
1076 4501 1252 4554 referendum.
