3128 5124
615 387 829 452 „49-

101 559 279 626 veniuntur
302 558 386 644 apud
408 558 637 644 Antiphontem
661 558 891 623 Rhamnusium
912 559 967 642 (cf.
989 559 1088 642 Blass‚
1112 560 1170 625 Die
1190 561 1257 626 Ata.
1274 561 1330 626 Be-

101 672 263 737 redsamir.
287 693 318 757 p.
344 669 430 754 126),
456 671 545 735 nulla
566 671 648 754 apud
672 671 828 755 Gorgiam,
852 671 955 736 Aaou.
978 671 1089 737 Iambl.

192 785 230 849 In
254 785 291 848 fr.
313 785 354 846 bl
380 785 489 868 σμικρά
511 782 654 865 legimus,
677 804 757 867 quae
779 784 880 848 forme
893 783 927 847 in
943 784 1201 869 inscriptionibus
1215 786 1330 851 Atticis

102 915 187 962 saec.
203 896 242 960 V.
259 903 292 961 et
314 904 436 980 praeter
458 902 566 980 poetas
588 894 672 981 apud
694 895 791 959 Thuo.
808 901 840 960 et
855 895 936 959 Pist.
958 897 1121 981 reperitur.
1166 897 1331 963 Praeterea

102 1008 139 1072 in
163 1009 281 1072 Atticis
303 1008 485 1072 nominibus
508 1013 632 1072 servata
654 1014 710 1072 est.
757 1006 801 1072 Cf.
825 1006 987 1091 Kirchner‚
1011 1008 1191 1095 Prosopogr’.
1215 1010 1282 1074 Att.

192 1121 335 1185 Ionicum
359 1140 405 1198 σσ,
435 1119 515 1203 quod
538 1107 657 1184 habent
679 1119 780 1203 (iorg.²
805 1121 914 1200 Thuc,
943 1121 1017 1185 Ant.
1041 1121 1110 1200 Ro„
1139 1131 1269 1207 apparet
1295 1124 1330 1187 in

99 1235 141 1297 fr.
164 1234 208 1298 54
230 1231 364 1312 ἔλασσον,
388 1234 425 1297 fr.
448 1233 488 1298 61
513 1232 736 1314 ἐκπλήσσοιντο,
762 1233 799 1296 fr.
825 1233 865 1297 76
887 1230 1019 1316 (Πολιτ.)
1045 1234 1229 1316 ἡσσώμενον,
1258 1235 1330 1300 reli·

102 1346 177 1430 quis
200 1344 276 1410 locis
298 1369 339 1408 ττ.
362 1381 404 1392 -
427 1347 514 1410 δισσά
537 1366 598 1430 quo
613 1345 725 1428 tragici
740 1353 882 1429 utuntur,
907 1365 1072 1410 commune
1088 1353 1135 1410 est
1149 1348 1224 1410 Ant.
1240 1347 1328 1432 soph.

103 1458 157 1541 (fr.
180 1458 240 1540 49)
262 1479 333 1522 curn
356 1458 469 1540 Gorgia
492 1456 546 1541 (cf.
569 1457 607 1521 fr.
631 1458 661 1522 6.
685 1458 756 1521 Hel.
782 1457 846 1539 10).

192 1570 321 1635 Ionica
344 1591 415 1634 cum
436 1571 475 1634 ab
492 1571 632 1654 antiquis
647 1570 851 1654 scriptoribus
866 1570 983 1635 Atticis
1007 1578 1075 1635 tum
1091 1571 1130 1636 ab
1147 1571 1222 1635 Ant.
1238 1574 1327 1657 soph.

101 1704 168 1748 non
191 1690 266 1747 sunt
289 1682 400 1747 aliena.

188 1793 378 1878 ’ereans
398 1795 500 1877 ὀδμαῖς,
522 1793 659 1875 εὐοδμίαν
682 1795 744 1858 ἰοο.
769 1802 800 1858 et
822 1793 900 1858 aeol.
915 1795 1049 1859 formam
1068 1795 1186 1861 habent
1207 1803 1329 1882 poetae,

101 1907 220 1972 Herod.

190 2018 239 2082 Fr.
262 2017 305 2082 49
335 2017 515 2099 καταθύμιος
545 2017 733 2082 vocobulum
766 2025 812 2081 est
840 2039 911 2082 vere
938 2017 1093 2099 lonicum,
1134 2039 1195 2103 quo
1226 2041 1328 2104 neque

102 2129 214 2213 tragici
238 2151 339 2213 neque
370 2131 533 2216 scriptores
555 2131 655 2194 Attici
683 2137 825 2194 utuntur.
876 2129 936 2194 Sed
964 2131 1125 2196 invenitur
1151 2154 1201 2218 ap.
1224 2133 1328 2214 Hom,

101 2242 237 2323 Eumol„
261 2243 386 2326 Theop,
408 2242 524 2307 Herod.
548 2243 626 2320 5,39
650 2243 833 2324 καταθυμίης
853 2264 895 2307 sc.
919 2245 1065 2325 γυναικός,
1087 2245 1165 2309 item
1192 2246 1230 2310 de
1257 2268 1327 2311 mu-

100 2356 179 2420 liere
200 2355 276 2419 Ant.
300 2356 398 2440 soph„
422 2356 460 2419 ci.
477 2354 619 2419 Democr.
643 2355 679 2419 ir.
696 2355 757 2418 277
775 2356 823 2418 τὸν
839 2357 929 2418 παῖδα
944 2356 1044 2440 λαβεῖν
1059 2357 1239 2438 καταθύμιον
1261 2359 1283 2422 i.
1300 2381 1327 2424 e.

102 2467 155 2550 qui
181 2467 287 2530 animo
310 2466 423 2551 placet.
469 2465 622 2529 Similiter
643 2485 677 2529 se
700 2465 794 2529 habet
821 2486 892 2552 opp.
921 2466 1086 2547 ἀποθύμιος
1113 2469 1215 2551 Hom,
1243 2469 1327 2550 Hes,

101 2576 228 2640 Semon.
252 2576 289 2639 fr.
313 2575 343 2657 7,
366 2576 493 2655 He1·od.;
518 2575 655 2658 ἐνθύμιος
678 2583 797 2659 poetae,
822 2576 946 2656 Herod.‚
969 2577 1023 2641 sed
1046 2579 1142 2643 etiam
1166 2579 1240 2644 Ant.
1257 2580 1328 2660 Rb,

102 2685 213 2766 Thau,
237 2686 351 2750 deinde
373 2708 434 2750 vox
458 2686 614 2763 exolescit,
638 2687 676 2750 cf.
702 2686 830 2750 Wilsm.
855 2686 896 2750 ad
918 2687 1008 2752 Here.
1032 2709 1061 2752 v.
1086 2689 1159 2754 722.

190 2796 296 2860 Fare
316 2797 490 2878 παλίγκοτος
511 2804 635 2882 praeter
657 2805 766 2882 poetes
789 2797 843 2877 (cf.
860 2797 1037 2863 Archiloch.
1054 2799 1091 2862 ir.
1108 2800 1192 2879 832.
1214 2801 1327 2866 Aesoh.

79 2909 161 2994 ⁸Ag.
186 2909 247 2971 511
273 2907 312 2970 ds
334 2909 461 2972 fortuna
483 2908 623 2989 adversa,
647 2907 736 2971 Pind.
760 2907 849 2971 Nem.
874 2907 917 2970 lv
941 2908 983 2973 96
1006 2909 1044 2973 de
1072 2908 1252 2974 bominibus
1274 2911 1325 2974 in·

100 3018 207 3098 sestis)
224 3017 282 3081 hac
298 3038 373 3082 voce
394 3017 560 3102 scriptores
575 3038 638 3082 non
655 3025 790 3082 utuntur
804 3017 866 3082 nisi
883 3018 981 3082 ionici
996 3019 1146 3104 Hippocr.
1162 3027 1195 3083 et
1209 3021 1324 3086 Herod.

190 3127 374 3192 Communia
401 3128 496 3193 habet
526 3136 687 3213 praeterea
719 3130 793 3191 Ant.
827 3148 898 3192 cum
931 3129 997 3193 solo
1024 3129 1182 3194 Herodoto
1217 3128 1325 3215 ’Aaou

98 3239 136 3302 fr.
163 3238 205 3304 18
228 3238 376 3323 Harpocr.
400 3239 647 3320 ἀναποδιζόμενα·
676 3239 737 3302 ἀντὶ
765 3242 816 3301 τοῦ
845 3236 956 3324 (πάλιν)
984 3239 1176 3320 ἐξεταζόμενα
1209 3241 1229 3326 ἢ
1263 3242 1326 3306 ἀντὶ

97 3353 152 3412 τοῦ
177 3347 293 3411 ἄνωθεν
315 3348 352 3411 τὰ
375 3348 448 3412 αὐτὰ
471 3351 609 3418 πολλάκις
631 3348 775 3431 λεγόμενα
798 3348 1029 3432 ἢπραττὸμενα.
1074 3350 1189 3415 Herod.
1206 3351 1326 3432 V92,6

98 3461 301 3531 ἀναποδίζων·
330 3460 393 3523 ἀντὶ
421 3464 472 3522 τοῦ
499 3459 535 3522 τὰ
562 3460 690 3544 πρότερα
722 3460 841 3543 ἐρωτῶν
870 3459 967 3525 Beki.
996 3461 1114 3525 Anecd.
1148 3483 1178 3546 p.
1206 3462 1258 3543 83,
1285 3465 1324 3526 cf.

97 3569 217 3636 Herod.
241 3569 455 3634 llus-fr.
479 3571 499 3634 6
522 3569 652 3634 educator
675 3570 790 3634 Herod.
813 3570 923 3635 11138.

188 3680 318 3765 Propter
339 3681 590 3745 vetustiorem
611 3679 795 3765 loquendi
817 3701 929 3745 usum
952 3683 998 3746 ab
1014 3682 1158 3747 Atticis
1173 3682 1227 3746 IV.
1244 3704 1324 3748 sae-

97 3791 182 3856 culi
204 3788 370 3854 alienum
393 3789 532 3854 notanda
553 3797 627 3854 sunt
649 3791 739 3854 haec:

183 3898 292 3985 Ἀληθ.
316 3900 352 3964 11.
376 3900 419 3964 44
441 3901 537 3986 Hsrp.
560 3901 627 3968 τοὺς
649 3899 755 3982 νόμους
779 3903 923 3984 μεγαλοος
945 3902 1020 3986 ἄγοι·
1054 3904 1117 3966 ἀντὶ
1139 3906 1191 3965 τοῦ
1213 3903 1324 3986 ἡγοῖτο.

97 4013 154 4077 Sic
178 4008 256 4094 ἄγειν
280 4031 351 4074 cum
368 4010 544 4075 accusativo
560 4010 696 4075 nominis
712 4012 884 4095 praedicati
901 4020 1032 4078 utuntur
1047 4012 1159 4078 Herod.
1174 4012 1232 4078 Vll
1251 4011 1323 4091 150,

97 4120 197 4206 eope.
222 4121 257 4184 o.
278 4120 314 4184 a.
337 4121 411 4200 aas,
437 4120 644 4185 1111111111.
674 4122 768 4201 mes,
796 4122 893 4187 nnuc.
919 4122 1087 4202 vulsas.
1138 4123 1204 4186 ram
1232 4123 1324 4207 plura
1397 4101 1405 4118 '

99 4230 194 4296 nobis
220 4251 253 4295 se
280 4231 409 4295 offerent
436 4231 579 4316 exempla
606 4231 840 4296 consuetudinis
866 4233 940 4298 illue
965 4234 1048 4298 inter
1074 4233 1195 4297 Ionicos
1225 4231 1323 4318 scrip·

96 4353 185 4408 tores
208 4349 239 4404 et
254 4349 374 4406 veteres
389 4341 511 4405 Atticos
534 4349 566 4436 et
585 4341 717 4424 tragicos
733 4343 917 4408 communis.
963 4343 1007 4407 Cf.
1022 4341 1148 4407 Wilam.
1172 4341 1211 4406 ad
1227 4341 1322 4427 Hipp.

96 4473 128 4518 v.
155 4450 238 4516 1361
262 4471 292 4535 p.
315 4451 367 4516 sa.

1135 4555 1152 4605 4
