<?xml version="1.0" encoding="UTF-8"?>
<!DOCTYPE html PUBLIC "-//W3C//DTD XHTML 1.0 Transitional//EN"
    "http://www.w3.org/TR/xhtml1/DTD/xhtml1-transitional.dtd">
<html xmlns="http://www.w3.org/1999/xhtml" xml:lang="en" lang="en">
 <head>
  <title>
</title>
<meta http-equiv="Content-Type" content="text/html;charset=utf-8" />
  <meta name='ocr-system' content='tesseract 3.04.00' />
  <meta name='ocr-capabilities' content='ocr_page ocr_carea ocr_par ocr_line ocrx_word'/>
</head>
<body>
  <div class='ocr_page' id='page_1' title='image "./deantiphontisso00jacogoog_0024.png"; bbox 0 0 3128 5124; ppageno 0'>
   <div class='ocr_carea' id='block_1_1' title="bbox 614 405 828 468">
    <p class='ocr_par' dir='ltr' id='par_1_1' title="bbox 614 405 828 468">
     <span class='ocr_line' id='line_1_1' title="bbox 614 405 828 468; baseline 0 -18"><span class='ocrx_word' id='word_1_1' title='bbox 614 405 828 468; x_wconf 73' lang='lat'>..19-</span> 
     </span>
    </p>
   </div>
   <div class='ocr_carea' id='block_1_2' title="bbox 108 571 1332 1000">
    <p class='ocr_par' dir='ltr' id='par_1_2' title="bbox 108 571 1332 1000">
     <span class='ocr_line' id='line_1_2' title="bbox 110 571 1327 660; baseline 0.003 -22"><span class='ocrx_word' id='word_1_2' title='bbox 110 571 192 657; x_wconf 86' lang='grc' dir='ltr'>φίλυι</span> <span class='ocrx_word' id='word_1_3' title='bbox 226 575 274 636; x_wconf 86' lang='grc' dir='ltr'>καὶ</span> <span class='ocrx_word' id='word_1_4' title='bbox 307 573 395 642; x_wconf 80' lang='grc' dir='ltr'>αὐτὸς</span> <span class='ocrx_word' id='word_1_5' title='bbox 428 574 463 636; x_wconf 81' lang='grc' dir='ltr'>σὺ</span> <span class='ocrx_word' id='word_1_6' title='bbox 497 574 550 638; x_wconf 86' lang='grc' dir='ltr'>οὐκ</span> <span class='ocrx_word' id='word_1_7' title='bbox 583 576 726 660; x_wconf 82' lang='grc' dir='ltr'>ἐλάχιστα</span> <span class='ocrx_word' id='word_1_8' title='bbox 754 578 898 660; x_wconf 76' lang='grc' dir='ltr'>ὠφελήσῃ</span> <span class='ocrx_word' id='word_1_9' title='bbox 937 575 1033 658; x_wconf 85' lang='lat' dir='ltr'>(Xon.</span> <span class='ocrx_word' id='word_1_10' title='bbox 1063 578 1155 642; x_wconf 90' lang='lat' dir='ltr'>Mem.</span> <span class='ocrx_word' id='word_1_11' title='bbox 1180 578 1227 642; x_wconf 88' lang='grc' dir='ltr'>ΙΙΙ</span> <span class='ocrx_word' id='word_1_12' title='bbox 1251 579 1327 659; x_wconf 82' lang='grc'>7,9).</span> 
     </span>
     <span class='ocr_line' id='line_1_3' title="bbox 110 687 1329 774; baseline 0.002 -24"><span class='ocrx_word' id='word_1_13' title='bbox 110 687 251 751; x_wconf 82' lang='lat' dir='ltr'><strong>Eandem</strong></span> <span class='ocrx_word' id='word_1_14' title='bbox 275 687 426 751; x_wconf 88' lang='lat' dir='ltr'>rationem</span> <span class='ocrx_word' id='word_1_15' title='bbox 450 687 647 751; x_wconf 83' lang='lat' dir='ltr'><strong>Democritus</strong></span> <span class='ocrx_word' id='word_1_16' title='bbox 668 690 809 772; x_wconf 90' lang='lat' dir='ltr'>sequitur</span> <span class='ocrx_word' id='word_1_17' title='bbox 835 691 870 752; x_wconf 86' lang='lat' dir='ltr'>fr.</span> <span class='ocrx_word' id='word_1_18' title='bbox 895 689 972 752; x_wconf 76' lang='lat'><strong>252:</strong></span> <span class='ocrx_word' id='word_1_19' title='bbox 1000 690 1036 754; x_wconf 86' lang='grc' dir='ltr'>τά</span> <span class='ocrx_word' id='word_1_20' title='bbox 1063 691 1136 753; x_wconf 82' lang='grc' dir='ltr'>κατὰ</span> <span class='ocrx_word' id='word_1_21' title='bbox 1166 691 1218 774; x_wconf 83' lang='grc' dir='ltr'>τὴν</span> <span class='ocrx_word' id='word_1_22' title='bbox 1247 691 1329 755; x_wconf 86' lang='grc' dir='ltr'>πόλιν</span> 
     </span>
     <span class='ocr_line' id='line_1_4' title="bbox 108 798 1332 886; baseline 0.004 -24"><span class='ocrx_word' id='word_1_23' title='bbox 108 803 209 884; x_wconf 86' lang='grc' dir='ltr'>χρεὼν</span> <span class='ocrx_word' id='word_1_24' title='bbox 232 804 290 862; x_wconf 85' lang='grc' dir='ltr'>τῶν</span> <span class='ocrx_word' id='word_1_25' title='bbox 314 803 423 862; x_wconf 81' lang='grc' dir='ltr'>λοιπῶν</span> <span class='ocrx_word' id='word_1_26' title='bbox 447 798 569 882; x_wconf 86' lang='grc' dir='ltr'>μέγιστα</span> <span class='ocrx_word' id='word_1_27' title='bbox 591 801 738 882; x_wconf 80' lang='grc' dir='ltr'>ἡγεῖσθαι,</span> <span class='ocrx_word' id='word_1_28' title='bbox 762 800 839 870; x_wconf 83' lang='grc' dir='ltr'>ὅκως</span> <span class='ocrx_word' id='word_1_29' title='bbox 862 800 960 870; x_wconf 82' lang='grc' dir='ltr'>ἀΕεται</span> <span class='ocrx_word' id='word_1_30' title='bbox 975 800 1018 879; x_wconf 82' lang='grc' dir='ltr'>εὖ,</span> <span class='ocrx_word' id='word_1_31' title='bbox 1042 803 1116 884; x_wconf 84' lang='grc' dir='ltr'>μήτε</span> <span class='ocrx_word' id='word_1_32' title='bbox 1132 803 1332 886; x_wconf 84' lang='grc' dir='ltr'>φιλονικέυντα</span> 
     </span>
     <span class='ocr_line' id='line_1_5' title="bbox 110 911 1332 1000; baseline 0.003 -25"><span class='ocrx_word' id='word_1_33' title='bbox 110 913 191 996; x_wconf 85' lang='grc' dir='ltr'>παρὰ</span> <span class='ocrx_word' id='word_1_34' title='bbox 213 913 246 974; x_wconf 86' lang='grc' dir='ltr'>τδ</span> <span class='ocrx_word' id='word_1_35' title='bbox 270 911 394 979; x_wconf 84' lang='grc' dir='ltr'>ἐπιεικὲς</span> <span class='ocrx_word' id='word_1_36' title='bbox 418 912 493 995; x_wconf 78' lang='grc' dir='ltr'>μήτε</span> <span class='ocrx_word' id='word_1_37' title='bbox 517 912 600 997; x_wconf 85' lang='grc' dir='ltr'>ἰσχὺν</span> <span class='ocrx_word' id='word_1_38' title='bbox 624 913 722 995; x_wconf 78' lang='grc' dir='ltr'>ἑαυτῷ</span> <span class='ocrx_word' id='word_1_39' title='bbox 747 913 966 997; x_wconf 83' lang='grc' dir='ltr'>περιτιίλέμενον</span> <span class='ocrx_word' id='word_1_40' title='bbox 990 915 1068 999; x_wconf 83' lang='grc' dir='ltr'>παρὰ</span> <span class='ocrx_word' id='word_1_41' title='bbox 1091 917 1123 978; x_wconf 84' lang='grc' dir='ltr'>τὸ</span> <span class='ocrx_word' id='word_1_42' title='bbox 1146 917 1276 1000; x_wconf 81' lang='grc' dir='ltr'>χρηστὸν</span> <span class='ocrx_word' id='word_1_43' title='bbox 1300 917 1332 979; x_wconf 88' lang='grc' dir='ltr'>τὸ</span> 
     </span>
    </p>
   </div>
   <div class='ocr_carea' id='block_1_3' title="bbox 107 1007 1466 1129">
    <p class='ocr_par' dir='ltr' id='par_1_3' title="bbox 107 1007 1466 1129">
     <span class='ocr_line' id='line_1_6' title="bbox 107 1007 1466 1129; baseline 0.002 -41"><span class='ocrx_word' id='word_1_44' title='bbox 107 1030 160 1088; x_wconf 79' lang='grc' dir='ltr'>τοῦ</span> <span class='ocrx_word' id='word_1_45' title='bbox 186 1025 280 1094; x_wconf 75' lang='grc' dir='ltr'>Ευνοῦ.</span> <span class='ocrx_word' id='word_1_46' title='bbox 325 1023 407 1094; x_wconf 85' lang='grc' dir='ltr'>πόλις</span> <span class='ocrx_word' id='word_1_47' title='bbox 429 1024 484 1109; x_wconf 90' lang='grc' dir='ltr'>γάρ</span> <span class='ocrx_word' id='word_1_48' title='bbox 506 1023 539 1088; x_wconf 85' lang='grc' dir='ltr'>εὖ</span> <span class='ocrx_word' id='word_1_49' title='bbox 564 1026 693 1110; x_wconf 75' lang='grc' dir='ltr'><strong>ἀγομένη</strong></span> <span class='ocrx_word' id='word_1_50' title='bbox 718 1028 840 1110; x_wconf 77' lang='grc' dir='ltr'>μεγίστη</span> <span class='ocrx_word' id='word_1_51' title='bbox 864 1025 992 1110; x_wconf 80' lang='grc' dir='ltr'>όρδωσίς</span> <span class='ocrx_word' id='word_1_52' title='bbox 1015 1027 1087 1104; x_wconf 86' lang='grc' dir='ltr'>ἐστι,</span> <span class='ocrx_word' id='word_1_53' title='bbox 1111 1030 1160 1093; x_wconf 81' lang='grc' dir='ltr'>καί</span> <span class='ocrx_word' id='word_1_54' title='bbox 1183 1029 1213 1092; x_wconf 86' lang='grc' dir='ltr'>ἐν</span> <span class='ocrx_word' id='word_1_55' title='bbox 1236 1030 1330 1114; x_wconf 83' lang='grc' dir='ltr'>τούτῳ</span> <span class='ocrx_word' id='word_1_56' title='bbox 1353 1085 1367 1129; x_wconf 44' lang='grc' dir='ltr'><em>Δ</em></span> <span class='ocrx_word' id='word_1_57' title='bbox 1392 1057 1433 1092; x_wconf 62' lang='grc' dir='ltr'>τοι</span> <span class='ocrx_word' id='word_1_58' title='bbox 1457 1007 1466 1029; x_wconf 23' lang='grc' dir='ltr'>’ί</span> 
     </span>
    </p>
   </div>
   <div class='ocr_carea' id='block_1_4' title="bbox 26 1133 1400 4371">
    <p class='ocr_par' dir='ltr' id='par_1_4' title="bbox 26 1133 1400 4371">
     <span class='ocr_line' id='line_1_7' title="bbox 107 1133 1333 1227; baseline 0.005 -27"><span class='ocrx_word' id='word_1_59' title='bbox 107 1140 205 1202; x_wconf 84' lang='grc' dir='ltr'>πάντα</span> <span class='ocrx_word' id='word_1_60' title='bbox 231 1135 287 1212; x_wconf 83' lang='grc' dir='ltr'>ἔνι,</span> <span class='ocrx_word' id='word_1_61' title='bbox 310 1138 358 1203; x_wconf 87' lang='grc' dir='ltr'>καὶ</span> <span class='ocrx_word' id='word_1_62' title='bbox 381 1138 483 1202; x_wconf 89' lang='grc' dir='ltr'>τυότου</span> <span class='ocrx_word' id='word_1_63' title='bbox 512 1138 682 1222; x_wconf 74' lang='grc' dir='ltr'>σῳζομένου</span> <span class='ocrx_word' id='word_1_64' title='bbox 711 1141 804 1203; x_wconf 88' lang='grc' dir='ltr'>πάντα</span> <span class='ocrx_word' id='word_1_65' title='bbox 831 1133 958 1224; x_wconf 72' lang='grc' dir='ltr'>σιγίζεται</span> <span class='ocrx_word' id='word_1_66' title='bbox 984 1143 1032 1204; x_wconf 89' lang='grc' dir='ltr'>καὶ</span> <span class='ocrx_word' id='word_1_67' title='bbox 1063 1142 1166 1205; x_wconf 83' lang='grc' dir='ltr'>τούτου</span> <span class='ocrx_word' id='word_1_68' title='bbox 1200 1143 1333 1227; x_wconf 79' lang='grc' dir='ltr'>διαφθει·</span> 
     </span>
     <span class='ocr_line' id='line_1_8' title="bbox 109 1251 1331 1336; baseline 0.004 -22"><span class='ocrx_word' id='word_1_69' title='bbox 109 1251 237 1336; x_wconf 84' lang='grc' dir='ltr'>ρομένου</span> <span class='ocrx_word' id='word_1_70' title='bbox 260 1251 296 1313; x_wconf 89' lang='grc' dir='ltr'>τά</span> <span class='ocrx_word' id='word_1_71' title='bbox 318 1252 411 1314; x_wconf 84' lang='grc' dir='ltr'>πάντα</span> <span class='ocrx_word' id='word_1_72' title='bbox 434 1251 640 1334; x_wconf 77' lang='grc' dir='ltr'>διαφθείρεται.</span> <span class='ocrx_word' id='word_1_73' title='bbox 686 1252 781 1334; x_wconf 83' lang='lat' dir='ltr'>Leges</span> <span class='ocrx_word' id='word_1_74' title='bbox 803 1261 907 1317; x_wconf 86' lang='lat' dir='ltr'>autem</span> <span class='ocrx_word' id='word_1_75' title='bbox 932 1259 966 1317; x_wconf 91' lang='lat' dir='ltr'>ut</span> <span class='ocrx_word' id='word_1_76' title='bbox 990 1253 1028 1316; x_wconf 85' lang='lat' dir='ltr'>ad</span> <span class='ocrx_word' id='word_1_77' title='bbox 1055 1275 1253 1319; x_wconf 90' lang='lat' dir='ltr'>communem</span> <span class='ocrx_word' id='word_1_78' title='bbox 1282 1277 1331 1320; x_wconf 92' lang='lat' dir='ltr'>sa·</span> 
     </span>
     <span class='ocr_line' id='line_1_9' title="bbox 109 1364 1326 1449; baseline 0.003 -21"><span class='ocrx_word' id='word_1_79' title='bbox 109 1365 210 1428; x_wconf 85' lang='lat' dir='ltr'>lutem</span> <span class='ocrx_word' id='word_1_80' title='bbox 239 1364 427 1428; x_wconf 79' lang='lat' dir='ltr'>constitutae</span> <span class='ocrx_word' id='word_1_81' title='bbox 460 1371 550 1437; x_wconf 89' lang='lat' dir='ltr'>sunt,</span> <span class='ocrx_word' id='word_1_82' title='bbox 584 1364 630 1428; x_wconf 87' lang='lat' dir='ltr'>ita</span> <span class='ocrx_word' id='word_1_83' title='bbox 663 1365 909 1449; x_wconf 86' lang='lat' dir='ltr'>uniuscuiusque</span> <span class='ocrx_word' id='word_1_84' title='bbox 947 1367 1145 1430; x_wconf 91' lang='lat' dir='ltr'>commodum</span> <span class='ocrx_word' id='word_1_85' title='bbox 1184 1374 1326 1433; x_wconf 86' lang='lat' dir='ltr'>tuentur:</span> 
     </span>
     <span class='ocr_line' id='line_1_10' title="bbox 108 1473 1331 1561; baseline 0.002 -22"><span class='ocrx_word' id='word_1_86' title='bbox 108 1478 141 1558; x_wconf 88' lang='grc' dir='ltr'>(ό</span> <span class='ocrx_word' id='word_1_87' title='bbox 167 1473 270 1558; x_wconf 87' lang='grc' dir='ltr'>νόμος)</span> <span class='ocrx_word' id='word_1_88' title='bbox 294 1474 498 1559; x_wconf 82' lang='grc' dir='ltr'>συναρμόττων</span> <span class='ocrx_word' id='word_1_89' title='bbox 521 1477 588 1545; x_wconf 83' lang='grc' dir='ltr'>τοὺς</span> <span class='ocrx_word' id='word_1_90' title='bbox 612 1477 730 1545; x_wconf 81' lang='grc' dir='ltr'>πολίτας</span> <span class='ocrx_word' id='word_1_91' title='bbox 751 1479 850 1540; x_wconf 84' lang='grc' dir='ltr'>πειδοῖ</span> <span class='ocrx_word' id='word_1_92' title='bbox 876 1501 907 1540; x_wconf 91' lang='grc' dir='ltr'>τε</span> <span class='ocrx_word' id='word_1_93' title='bbox 934 1480 982 1541; x_wconf 84' lang='grc' dir='ltr'>καὶ</span> <span class='ocrx_word' id='word_1_94' title='bbox 1009 1479 1133 1561; x_wconf 79' lang='grc' dir='ltr'>ἀνάγκῃ,</span> <span class='ocrx_word' id='word_1_95' title='bbox 1157 1484 1249 1541; x_wconf 88' lang='grc' dir='ltr'>ποιῶν</span> <span class='ocrx_word' id='word_1_96' title='bbox 1279 1504 1331 1560; x_wconf 90' lang='grc' dir='ltr'>με·</span> 
     </span>
     <span class='ocr_line' id='line_1_11' title="bbox 109 1587 1329 1673; baseline 0.003 -23"><span class='ocrx_word' id='word_1_97' title='bbox 109 1587 257 1652; x_wconf 88' lang='grc' dir='ltr'>ταδιδόναι</span> <span class='ocrx_word' id='word_1_98' title='bbox 280 1588 418 1673; x_wconf 79' lang='grc' dir='ltr'>ἀλλήλοις</span> <span class='ocrx_word' id='word_1_99' title='bbox 440 1594 493 1670; x_wconf 81' lang='grc' dir='ltr'>τῆς</span> <span class='ocrx_word' id='word_1_100' title='bbox 515 1589 643 1672; x_wconf 78' lang='grc' dir='ltr'>ὠφελίας</span> <span class='ocrx_word' id='word_1_101' title='bbox 665 1589 700 1672; x_wconf 84' lang='grc' dir='ltr'>ἣν</span> <span class='ocrx_word' id='word_1_102' title='bbox 725 1588 758 1651; x_wconf 86' lang='grc' dir='ltr'>ἀν</span> <span class='ocrx_word' id='word_1_103' title='bbox 787 1589 902 1654; x_wconf 81' lang='grc' dir='ltr'>ἕκαστοι</span> <span class='ocrx_word' id='word_1_104' title='bbox 929 1591 961 1653; x_wconf 89' lang='grc' dir='ltr'>τδ</span> <span class='ocrx_word' id='word_1_105' title='bbox 989 1593 1084 1655; x_wconf 85' lang='grc' dir='ltr'>κοινόν</span> <span class='ocrx_word' id='word_1_106' title='bbox 1114 1594 1230 1654; x_wconf 82' lang='grc' dir='ltr'>δυνατοὶ</span> <span class='ocrx_word' id='word_1_107' title='bbox 1259 1593 1329 1655; x_wconf 84' lang='grc' dir='ltr'>ὦσιν</span> 
     </span>
     <span class='ocr_line' id='line_1_12' title="bbox 108 1699 1325 1786; baseline 0.003 -22"><span class='ocrx_word' id='word_1_108' title='bbox 108 1703 236 1784; x_wconf 83' lang='grc' dir='ltr'>ὠφελεῖν</span> <span class='ocrx_word' id='word_1_109' title='bbox 260 1705 321 1766; x_wconf 90' lang='grc' dir='ltr'>κτλ.</span> <span class='ocrx_word' id='word_1_110' title='bbox 366 1702 457 1786; x_wconf 83' lang='lat' dir='ltr'>(Rep.</span> <span class='ocrx_word' id='word_1_111' title='bbox 483 1699 594 1782; x_wconf 80' lang='lat' dir='ltr'>519e).</span> <span class='ocrx_word' id='word_1_112' title='bbox 640 1701 684 1764; x_wconf 80' lang='lat' dir='ltr'>C.</span> <span class='ocrx_word' id='word_1_113' title='bbox 703 1702 777 1786; x_wconf 78' lang='lat' dir='ltr'>uep.</span> <span class='ocrx_word' id='word_1_114' title='bbox 800 1702 899 1766; x_wconf 76' lang='lat'>5900:</span> <span class='ocrx_word' id='word_1_115' title='bbox 925 1705 939 1767; x_wconf 90' lang='grc' dir='ltr'>ό</span> <span class='ocrx_word' id='word_1_116' title='bbox 963 1701 1081 1782; x_wconf 87' lang='grc' dir='ltr'>νόμος.</span> <span class='ocrx_word' id='word_1_117' title='bbox 1106 1753 1113 1766; x_wconf 88' lang='grc'><strong>.</strong></span> <span class='ocrx_word' id='word_1_118' title='bbox 1139 1753 1146 1768; x_wconf 94' lang='grc'><strong>.</strong></span> <span class='ocrx_word' id='word_1_119' title='bbox 1171 1708 1242 1767; x_wconf 84' lang='grc' dir='ltr'>πᾶσι</span> <span class='ocrx_word' id='word_1_120' title='bbox 1264 1710 1325 1774; x_wconf 81' lang='grc' dir='ltr'>ταῖς</span> 
     </span>
     <span class='ocr_line' id='line_1_13' title="bbox 109 1803 1331 1899; baseline 0.007 -23"><span class='ocrx_word' id='word_1_121' title='bbox 109 1814 141 1876; x_wconf 88' lang='grc' dir='ltr'>ἐν</span> <span class='ocrx_word' id='word_1_122' title='bbox 171 1818 208 1896; x_wconf 78' lang='grc' dir='ltr'>τῇ</span> <span class='ocrx_word' id='word_1_123' title='bbox 237 1813 321 1878; x_wconf 87' lang='grc' dir='ltr'>πόλει</span> <span class='ocrx_word' id='word_1_124' title='bbox 349 1814 506 1898; x_wconf 82' lang='grc' dir='ltr'>σύμμαχος</span> <span class='ocrx_word' id='word_1_125' title='bbox 533 1815 584 1877; x_wconf 82' lang='grc' dir='ltr'>ὥν.</span> <span class='ocrx_word' id='word_1_126' title='bbox 635 1814 786 1879; x_wconf 87' lang='lat' dir='ltr'>Similiter</span> <span class='ocrx_word' id='word_1_127' title='bbox 813 1815 1008 1880; x_wconf 86' lang='lat' dir='ltr'>Democritus</span> <span class='ocrx_word' id='word_1_128' title='bbox 1035 1817 1072 1880; x_wconf 81' lang='lat' dir='ltr'>fr.</span> <span class='ocrx_word' id='word_1_129' title='bbox 1096 1803 1218 1881; x_wconf 68' lang='lat'>2482&#39;6</span> <span class='ocrx_word' id='word_1_130' title='bbox 1242 1816 1331 1899; x_wconf 85' lang='grc' dir='ltr'>νόμας</span> 
     </span>
     <span class='ocr_line' id='line_1_14' title="bbox 108 1926 1330 2014; baseline 0.003 -25"><span class='ocrx_word' id='word_1_131' title='bbox 108 1927 246 2010; x_wconf 82' lang='grc' dir='ltr'>βούλεται</span> <span class='ocrx_word' id='word_1_132' title='bbox 269 1928 321 2007; x_wconf 77' lang='grc' dir='ltr'>μὲν</span> <span class='ocrx_word' id='word_1_133' title='bbox 345 1926 505 2010; x_wconf 69' lang='grc' dir='ltr'>εὐεργετεῖν</span> <span class='ocrx_word' id='word_1_134' title='bbox 529 1927 589 2010; x_wconf 87' lang='grc' dir='ltr'>βίον</span> <span class='ocrx_word' id='word_1_135' title='bbox 613 1928 793 2010; x_wconf 75' lang='grc' dir='ltr'>ἀνθρώπων·</span> <span class='ocrx_word' id='word_1_136' title='bbox 822 1927 939 1991; x_wconf 89' lang='grc' dir='ltr'>δόναται</span> <span class='ocrx_word' id='word_1_137' title='bbox 955 1927 998 2010; x_wconf 83' lang='grc' dir='ltr'>δέ,</span> <span class='ocrx_word' id='word_1_138' title='bbox 1021 1928 1090 1992; x_wconf 87' lang='grc' dir='ltr'>όταν</span> <span class='ocrx_word' id='word_1_139' title='bbox 1105 1928 1188 1992; x_wconf 80' lang='grc' dir='ltr'>αὐτοὶ</span> <span class='ocrx_word' id='word_1_140' title='bbox 1205 1930 1330 2014; x_wconf 83' lang='grc' dir='ltr'>βοόλων·</span> 
     </span>
     <span class='ocr_line' id='line_1_15' title="bbox 108 2038 1328 2126; baseline 0.006 -24"><span class='ocrx_word' id='word_1_141' title='bbox 108 2063 156 2102; x_wconf 85' lang='grc' dir='ltr'>ται</span> <span class='ocrx_word' id='word_1_142' title='bbox 179 2041 305 2124; x_wconf 79' lang='grc' dir='ltr'>πάσχειν</span> <span class='ocrx_word' id='word_1_143' title='bbox 328 2038 375 2102; x_wconf 81' lang='grc' dir='ltr'>εὖ.</span> <span class='ocrx_word' id='word_1_144' title='bbox 409 2044 482 2103; x_wconf 84' lang='grc' dir='ltr'>τοῖσι</span> <span class='ocrx_word' id='word_1_145' title='bbox 509 2041 563 2124; x_wconf 92' lang='grc' dir='ltr'>γάρ</span> <span class='ocrx_word' id='word_1_146' title='bbox 591 2040 792 2122; x_wconf 76' lang='grc' dir='ltr'>πειθομένοισι</span> <span class='ocrx_word' id='word_1_147' title='bbox 819 2042 871 2124; x_wconf 83' lang='grc' dir='ltr'>τὴν</span> <span class='ocrx_word' id='word_1_148' title='bbox 906 2041 978 2124; x_wconf 79' lang='grc' dir='ltr'>ἰδίην</span> <span class='ocrx_word' id='word_1_149' title='bbox 1007 2042 1113 2126; x_wconf 82' lang='grc' dir='ltr'>ἀρετὴν</span> <span class='ocrx_word' id='word_1_150' title='bbox 1141 2042 1328 2110; x_wconf 83' lang='grc' dir='ltr'>ἐνδείκνυται.</span> 
     </span>
     <span class='ocr_line' id='line_1_16' title="bbox 108 2153 1331 2240; baseline 0.005 -25"><span class='ocrx_word' id='word_1_151' title='bbox 108 2153 219 2234; x_wconf 87' lang='lat' dir='ltr'>Neque</span> <span class='ocrx_word' id='word_1_152' title='bbox 242 2153 334 2216; x_wconf 86' lang='lat' dir='ltr'>aliter</span> <span class='ocrx_word' id='word_1_153' title='bbox 356 2153 583 2237; x_wconf 88' lang='lat' dir='ltr'>Antiphontem</span> <span class='ocrx_word' id='word_1_154' title='bbox 607 2154 739 2218; x_wconf 86' lang='lat' dir='ltr'>sensisse</span> <span class='ocrx_word' id='word_1_155' title='bbox 763 2155 952 2237; x_wconf 87' lang='lat' dir='ltr'>putabimus,</span> <span class='ocrx_word' id='word_1_156' title='bbox 977 2155 1091 2240; x_wconf 85' lang='lat' dir='ltr'>quippe</span> <span class='ocrx_word' id='word_1_157' title='bbox 1122 2156 1176 2238; x_wconf 92' lang='lat' dir='ltr'>qui</span> <span class='ocrx_word' id='word_1_158' title='bbox 1203 2157 1331 2221; x_wconf 87' lang='lat' dir='ltr'>licentia</span> 
     </span>
     <span class='ocr_line' id='line_1_17' title="bbox 108 2264 1331 2352; baseline 0.004 -24"><span class='ocrx_word' id='word_1_159' title='bbox 108 2264 233 2329; x_wconf 91' lang='lat' dir='ltr'>nullum</span> <span class='ocrx_word' id='word_1_160' title='bbox 256 2264 376 2328; x_wconf 86' lang='lat' dir='ltr'>malum</span> <span class='ocrx_word' id='word_1_161' title='bbox 399 2265 501 2328; x_wconf 92' lang='lat' dir='ltr'>maius</span> <span class='ocrx_word' id='word_1_162' title='bbox 525 2286 590 2329; x_wconf 89' lang='lat' dir='ltr'>esse</span> <span class='ocrx_word' id='word_1_163' title='bbox 607 2265 700 2346; x_wconf 88' lang='lat' dir='ltr'>dicat,</span> <span class='ocrx_word' id='word_1_164' title='bbox 724 2265 849 2350; x_wconf 86' lang='lat' dir='ltr'>iamque</span> <span class='ocrx_word' id='word_1_165' title='bbox 874 2287 983 2349; x_wconf 89' lang='lat' dir='ltr'>pueros</span> <span class='ocrx_word' id='word_1_166' title='bbox 999 2287 1105 2350; x_wconf 87' lang='lat' dir='ltr'>parere</span> <span class='ocrx_word' id='word_1_167' title='bbox 1130 2276 1161 2331; x_wconf 94' lang='lat' dir='ltr'>et</span> <span class='ocrx_word' id='word_1_168' title='bbox 1176 2267 1331 2352; x_wconf 87' lang='lat' dir='ltr'>imperata</span> 
     </span>
     <span class='ocr_line' id='line_1_18' title="bbox 108 2377 1331 2464; baseline 0.003 -24"><span class='ocrx_word' id='word_1_169' title='bbox 108 2379 212 2440; x_wconf 89' lang='lat' dir='ltr'>facere</span> <span class='ocrx_word' id='word_1_170' title='bbox 235 2377 351 2441; x_wconf 83' lang='lat' dir='ltr'>discere</span> <span class='ocrx_word' id='word_1_171' title='bbox 374 2377 459 2454; x_wconf 91' lang='lat' dir='ltr'>velit,</span> <span class='ocrx_word' id='word_1_172' title='bbox 483 2399 522 2441; x_wconf 89' lang='lat' dir='ltr'>ne</span> <span class='ocrx_word' id='word_1_173' title='bbox 546 2377 646 2441; x_wconf 89' lang='lat' dir='ltr'>adulti</span> <span class='ocrx_word' id='word_1_174' title='bbox 670 2377 827 2442; x_wconf 88' lang='lat' dir='ltr'>molestias</span> <span class='ocrx_word' id='word_1_175' title='bbox 851 2378 986 2442; x_wconf 84' lang='lat' dir='ltr'>habeant</span> <span class='ocrx_word' id='word_1_176' title='bbox 1013 2380 1064 2462; x_wconf 85' lang='lat' dir='ltr'>(fr.</span> <span class='ocrx_word' id='word_1_177' title='bbox 1088 2380 1157 2462; x_wconf 86' lang='grc'><strong>61);</strong></span> <span class='ocrx_word' id='word_1_178' title='bbox 1189 2381 1331 2464; x_wconf 80' lang='grc' dir='ltr'>ἀναρχίας</span> 
     </span>
     <span class='ocr_line' id='line_1_19' title="bbox 110 2483 1329 2575; baseline 0.002 -22"><span class='ocrx_word' id='word_1_179' title='bbox 110 2483 140 2553; x_wconf 84' lang='grc' dir='ltr'>δ’</span> <span class='ocrx_word' id='word_1_180' title='bbox 158 2489 242 2552; x_wconf 83' lang='grc' dir='ltr'>οὐδὲν</span> <span class='ocrx_word' id='word_1_181' title='bbox 265 2491 364 2552; x_wconf 82' lang='grc' dir='ltr'>κάκιον</span> <span class='ocrx_word' id='word_1_182' title='bbox 388 2490 569 2571; x_wconf 77' lang='grc' dir='ltr'>ἀνθρώποις·</span> <span class='ocrx_word' id='word_1_183' title='bbox 594 2493 684 2552; x_wconf 83' lang='grc' dir='ltr'>ταῦτα</span> <span class='ocrx_word' id='word_1_184' title='bbox 706 2492 895 2573; x_wconf 80' lang='grc' dir='ltr'>γινώσκοντες</span> <span class='ocrx_word' id='word_1_185' title='bbox 916 2492 943 2552; x_wconf 85' lang='grc' dir='ltr'>οἱ</span> <span class='ocrx_word' id='word_1_186' title='bbox 960 2489 1087 2574; x_wconf 81' lang='grc' dir='ltr'>πρόσθεν</span> <span class='ocrx_word' id='word_1_187' title='bbox 1104 2491 1255 2575; x_wconf 72' lang='grc' dir='ltr'>ἅνθρωποι</span> <span class='ocrx_word' id='word_1_188' title='bbox 1272 2494 1329 2556; x_wconf 91' lang='grc' dir='ltr'>ἀπδ</span> 
     </span>
     <span class='ocr_line' id='line_1_20' title="bbox 108 2600 1400 2688; baseline 0.009 -24"><span class='ocrx_word' id='word_1_189' title='bbox 108 2607 163 2686; x_wconf 78' lang='grc' dir='ltr'>τῆς</span> <span class='ocrx_word' id='word_1_190' title='bbox 186 2603 283 2686; x_wconf 82' lang='grc' dir='ltr'>ἀρχῆς</span> <span class='ocrx_word' id='word_1_191' title='bbox 305 2600 413 2673; x_wconf 57' lang='lat' dir='ltr'>edictos</span> <span class='ocrx_word' id='word_1_192' title='bbox 436 2603 502 2670; x_wconf 84' lang='grc' dir='ltr'>τοὺς</span> <span class='ocrx_word' id='word_1_193' title='bbox 525 2605 630 2670; x_wconf 83' lang='grc' dir='ltr'>παῖδας</span> <span class='ocrx_word' id='word_1_194' title='bbox 654 2602 800 2688; x_wconf 82' lang='grc' dir='ltr'>ἄρχεσθαι</span> <span class='ocrx_word' id='word_1_195' title='bbox 823 2605 871 2666; x_wconf 91' lang='grc' dir='ltr'>καὶ</span> <span class='ocrx_word' id='word_1_196' title='bbox 894 2604 926 2666; x_wconf 89' lang='grc' dir='ltr'>τδ</span> <span class='ocrx_word' id='word_1_197' title='bbox 950 2606 1139 2687; x_wconf 85' lang='grc' dir='ltr'>κελευόμενον</span> <span class='ocrx_word' id='word_1_198' title='bbox 1156 2611 1258 2681; x_wconf 85' lang='grc' dir='ltr'>ποιεῖν,</span> <span class='ocrx_word' id='word_1_199' title='bbox 1283 2607 1330 2670; x_wconf 75' lang='grc' dir='ltr'>ἵνα</span> <span class='ocrx_word' id='word_1_200' title='bbox 1396 2650 1400 2675; x_wconf 67' lang='grc' dir='ltr'>ι</span> 
     </span>
     <span class='ocr_line' id='line_1_21' title="bbox 109 2713 1331 2800; baseline 0.005 -22"><span class='ocrx_word' id='word_1_201' title='bbox 109 2718 152 2796; x_wconf 85' lang='grc' dir='ltr'>μὴ</span> <span class='ocrx_word' id='word_1_202' title='bbox 184 2713 403 2799; x_wconf 81' lang='grc' dir='ltr'>ἑΕανδρυόμενοι</span> <span class='ocrx_word' id='word_1_203' title='bbox 434 2717 475 2784; x_wconf 85' lang='grc' dir='ltr'>εἰς</span> <span class='ocrx_word' id='word_1_204' title='bbox 503 2718 631 2798; x_wconf 78' lang='grc' dir='ltr'>μεγάλην</span> <span class='ocrx_word' id='word_1_205' title='bbox 661 2717 825 2800; x_wconf 79' lang='grc' dir='ltr'>μεταβολὴν</span> <span class='ocrx_word' id='word_1_206' title='bbox 852 2715 942 2786; x_wconf 83' lang='grc' dir='ltr'>ἰόντες</span> <span class='ocrx_word' id='word_1_207' title='bbox 968 2717 1189 2800; x_wconf 79' lang='grc' dir='ltr'>ἐκπλήσσοιντο.</span> <span class='ocrx_word' id='word_1_208' title='bbox 1242 2721 1331 2796; x_wconf 82' lang='lat' dir='ltr'>Quod</span> 
     </span>
     <span class='ocr_line' id='line_1_22' title="bbox 26 2828 1331 2916; baseline 0.005 -26"><span class='ocrx_word' id='word_1_209' title='bbox 26 2909 29 2916; x_wconf 26' lang='grc' dir='ltr'>Ι</span> <span class='ocrx_word' id='word_1_210' title='bbox 107 2829 321 2910; x_wconf 79' lang='lat' dir='ltr'>fragmentum</span> <span class='ocrx_word' id='word_1_211' title='bbox 343 2828 383 2892; x_wconf 97' lang='lat' dir='ltr'>ad</span> <span class='ocrx_word' id='word_1_212' title='bbox 406 2829 601 2893; x_wconf 87' lang='lat' dir='ltr'>concordiam</span> <span class='ocrx_word' id='word_1_213' title='bbox 625 2839 765 2914; x_wconf 89' lang='lat' dir='ltr'>spectare</span> <span class='ocrx_word' id='word_1_214' title='bbox 788 2829 989 2894; x_wconf 81' lang='lat' dir='ltr'>manifestum</span> <span class='ocrx_word' id='word_1_215' title='bbox 1013 2833 1082 2912; x_wconf 87' lang='lat' dir='ltr'>erit,</span> <span class='ocrx_word' id='word_1_216' title='bbox 1109 2833 1135 2895; x_wconf 92' lang='lat' dir='ltr'>si</span> <span class='ocrx_word' id='word_1_217' title='bbox 1160 2833 1239 2897; x_wconf 87' lang='lat' dir='ltr'>hanc</span> <span class='ocrx_word' id='word_1_218' title='bbox 1263 2833 1331 2897; x_wconf 87' lang='lat' dir='ltr'>Pia·</span> 
     </span>
     <span class='ocr_line' id='line_1_23' title="bbox 106 2938 1330 3022; baseline 0.004 -21"><span class='ocrx_word' id='word_1_219' title='bbox 106 2938 246 3003; x_wconf 87' lang='lat' dir='ltr'>tonicam</span> <span class='ocrx_word' id='word_1_220' title='bbox 269 2960 349 3022; x_wconf 86' lang='lat' dir='ltr'>quae</span> <span class='ocrx_word' id='word_1_221' title='bbox 371 2939 468 3002; x_wconf 88' lang='lat' dir='ltr'>fertur</span> <span class='ocrx_word' id='word_1_222' title='bbox 491 2939 703 3003; x_wconf 86' lang='lat' dir='ltr'>definitionem</span> <span class='ocrx_word' id='word_1_223' title='bbox 726 2939 902 3020; x_wconf 86' lang='lat' dir='ltr'>contuleris,</span> <span class='ocrx_word' id='word_1_224' title='bbox 927 2961 989 3022; x_wconf 87' lang='lat' dir='ltr'>qua</span> <span class='ocrx_word' id='word_1_225' title='bbox 1012 2942 1175 3006; x_wconf 87' lang='lat' dir='ltr'>cuncordia</span> <span class='ocrx_word' id='word_1_226' title='bbox 1199 2943 1231 3018; x_wconf 81' lang='lat' dir='ltr'>in</span> <span class='ocrx_word' id='word_1_227' title='bbox 1256 2965 1330 3006; x_wconf 91' lang='lat' dir='ltr'>con·</span> 
     </span>
     <span class='ocr_line' id='line_1_24' title="bbox 105 3051 1327 3136; baseline 0.003 -21"><span class='ocrx_word' id='word_1_228' title='bbox 105 3071 202 3115; x_wconf 86' lang='lat' dir='ltr'>sensu</span> <span class='ocrx_word' id='word_1_229' title='bbox 219 3059 354 3135; x_wconf 87' lang='lat' dir='ltr'>ponatur</span> <span class='ocrx_word' id='word_1_230' title='bbox 369 3073 475 3116; x_wconf 88' lang='lat' dir='ltr'>eorum</span> <span class='ocrx_word' id='word_1_231' title='bbox 492 3052 547 3136; x_wconf 90' lang='lat' dir='ltr'>qui</span> <span class='ocrx_word' id='word_1_232' title='bbox 564 3053 720 3135; x_wconf 87' lang='lat' dir='ltr'>imperant</span> <span class='ocrx_word' id='word_1_233' title='bbox 740 3060 771 3114; x_wconf 90' lang='lat' dir='ltr'>et</span> <span class='ocrx_word' id='word_1_234' title='bbox 786 3053 899 3135; x_wconf 90' lang='lat' dir='ltr'>quibus</span> <span class='ocrx_word' id='word_1_235' title='bbox 914 3051 1087 3136; x_wconf 87' lang='lat' dir='ltr'>imperatur</span> <span class='ocrx_word' id='word_1_236' title='bbox 1103 3053 1196 3136; x_wconf 77' lang='lat' dir='ltr'>(Ded.</span> <span class='ocrx_word' id='word_1_237' title='bbox 1211 3055 1327 3136; x_wconf 76' lang='lat'>4130):</span> 
     </span>
     <span class='ocr_line' id='line_1_25' title="bbox 108 3163 1326 3252; baseline 0.004 -25"><span class='ocrx_word' id='word_1_238' title='bbox 108 3163 233 3247; x_wconf 82' lang='grc' dir='ltr'>ὁμόνοια</span> <span class='ocrx_word' id='word_1_239' title='bbox 250 3165 388 3246; x_wconf 76' lang='grc' dir='ltr'>ὁμοδοξία</span> <span class='ocrx_word' id='word_1_240' title='bbox 403 3164 554 3250; x_wconf 83' lang='grc' dir='ltr'>ἀρχόντων</span> <span class='ocrx_word' id='word_1_241' title='bbox 570 3165 618 3228; x_wconf 84' lang='grc' dir='ltr'>καὶ</span> <span class='ocrx_word' id='word_1_242' title='bbox 635 3165 809 3249; x_wconf 84' lang='grc' dir='ltr'>ἀρχομένων</span> <span class='ocrx_word' id='word_1_243' title='bbox 825 3167 867 3233; x_wconf 78' lang='grc' dir='ltr'>ὡς</span> <span class='ocrx_word' id='word_1_244' title='bbox 882 3167 928 3228; x_wconf 86' lang='grc' dir='ltr'>δεῖ</span> <span class='ocrx_word' id='word_1_245' title='bbox 942 3165 1043 3250; x_wconf 87' lang='grc' dir='ltr'>ἄρχειν</span> <span class='ocrx_word' id='word_1_246' title='bbox 1059 3168 1107 3230; x_wconf 84' lang='grc' dir='ltr'>καὶ</span> <span class='ocrx_word' id='word_1_247' title='bbox 1125 3167 1326 3252; x_wconf 46' lang='lat' dir='ltr'>dorestado.</span> 
     </span>
     <span class='ocr_line' id='line_1_26' title="bbox 102 3277 1327 3364; baseline 0.003 -23"><span class='ocrx_word' id='word_1_248' title='bbox 102 3277 167 3341; x_wconf 91' lang='lat' dir='ltr'>Sed</span> <span class='ocrx_word' id='word_1_249' title='bbox 191 3277 335 3362; x_wconf 90' lang='lat' dir='ltr'>quamvis</span> <span class='ocrx_word' id='word_1_250' title='bbox 358 3278 447 3342; x_wconf 91' lang='lat' dir='ltr'>Piatc</span> <span class='ocrx_word' id='word_1_251' title='bbox 471 3299 542 3342; x_wconf 89' lang='lat' dir='ltr'>cum</span> <span class='ocrx_word' id='word_1_252' title='bbox 564 3277 626 3342; x_wconf 87' lang='lat' dir='ltr'>iilis</span> <span class='ocrx_word' id='word_1_253' title='bbox 642 3278 674 3341; x_wconf 92' lang='lat' dir='ltr'>in</span> <span class='ocrx_word' id='word_1_254' title='bbox 695 3277 854 3342; x_wconf 91' lang='lat' dir='ltr'>communi</span> <span class='ocrx_word' id='word_1_255' title='bbox 875 3279 1012 3344; x_wconf 86' lang='lat' dir='ltr'>utilitate</span> <span class='ocrx_word' id='word_1_256' title='bbox 1032 3281 1226 3364; x_wconf 87' lang='lat' dir='ltr'>respicienda</span> <span class='ocrx_word' id='word_1_257' title='bbox 1253 3302 1327 3345; x_wconf 91' lang='lat' dir='ltr'>con-</span> 
     </span>
     <span class='ocr_line' id='line_1_27' title="bbox 102 3390 1328 3473; baseline 0.006 -21"><span class='ocrx_word' id='word_1_258' title='bbox 102 3390 232 3472; x_wconf 87' lang='lat' dir='ltr'>sentiat,</span> <span class='ocrx_word' id='word_1_259' title='bbox 255 3396 362 3454; x_wconf 88' lang='lat' dir='ltr'>taman</span> <span class='ocrx_word' id='word_1_260' title='bbox 385 3391 418 3454; x_wconf 92' lang='lat' dir='ltr'>in</span> <span class='ocrx_word' id='word_1_261' title='bbox 441 3411 477 3455; x_wconf 88' lang='lat' dir='ltr'>eo</span> <span class='ocrx_word' id='word_1_262' title='bbox 501 3390 636 3454; x_wconf 90' lang='lat' dir='ltr'>multum</span> <span class='ocrx_word' id='word_1_263' title='bbox 659 3390 815 3470; x_wconf 83' lang='lat' dir='ltr'>differunt,</span> <span class='ocrx_word' id='word_1_264' title='bbox 840 3393 923 3473; x_wconf 92' lang='lat' dir='ltr'>quod</span> <span class='ocrx_word' id='word_1_265' title='bbox 947 3393 997 3456; x_wconf 92' lang='lat' dir='ltr'>hic</span> <span class='ocrx_word' id='word_1_266' title='bbox 1021 3393 1126 3458; x_wconf 88' lang='lat' dir='ltr'>omnia</span> <span class='ocrx_word' id='word_1_267' title='bbox 1149 3393 1186 3456; x_wconf 88' lang='lat' dir='ltr'>ad</span> <span class='ocrx_word' id='word_1_268' title='bbox 1213 3394 1328 3459; x_wconf 88' lang='lat' dir='ltr'>bonum</span> 
     </span>
     <span class='ocr_line' id='line_1_28' title="bbox 105 3500 1328 3588; baseline 0.002 -23"><span class='ocrx_word' id='word_1_269' title='bbox 105 3500 271 3585; x_wconf 91' lang='lat' dir='ltr'>publicum</span> <span class='ocrx_word' id='word_1_270' title='bbox 298 3503 393 3566; x_wconf 79' lang='lat' dir='ltr'>refert</span> <span class='ocrx_word' id='word_1_271' title='bbox 420 3501 503 3586; x_wconf 80' lang='lat' dir='ltr'>(Leg.</span> <span class='ocrx_word' id='word_1_272' title='bbox 532 3502 621 3568; x_wconf 66' lang='lat'>8751&gt;</span> <span class='ocrx_word' id='word_1_273' title='bbox 649 3504 681 3566; x_wconf 87' lang='grc' dir='ltr'>τὸ</span> <span class='ocrx_word' id='word_1_274' title='bbox 710 3503 762 3585; x_wconf 88' lang='grc' dir='ltr'>μὲν</span> <span class='ocrx_word' id='word_1_275' title='bbox 790 3505 885 3567; x_wconf 87' lang='grc' dir='ltr'>κοινὸν</span> <span class='ocrx_word' id='word_1_276' title='bbox 913 3505 1074 3588; x_wconf 75' lang='grc' dir='ltr'>ἡγούμενον</span> <span class='ocrx_word' id='word_1_277' title='bbox 1104 3555 1110 3568; x_wconf 96' lang='grc'><strong><em>.</em></strong></span> <span class='ocrx_word' id='word_1_278' title='bbox 1136 3555 1142 3568; x_wconf 96' lang='grc'><strong><em>.</em></strong></span> <span class='ocrx_word' id='word_1_279' title='bbox 1167 3553 1175 3570; x_wconf 94' lang='grc'><strong>.</strong></span> <span class='ocrx_word' id='word_1_280' title='bbox 1199 3556 1207 3570; x_wconf 90' lang='grc'><strong>.</strong></span> <span class='ocrx_word' id='word_1_281' title='bbox 1234 3508 1266 3569; x_wconf 87' lang='grc' dir='ltr'>τὸ</span> <span class='ocrx_word' id='word_1_282' title='bbox 1295 3507 1328 3568; x_wconf 88' lang='grc' dir='ltr'>δὲ</span> 
     </span>
     <span class='ocr_line' id='line_1_29' title="bbox 102 3611 1326 3702; baseline 0.006 -27"><span class='ocrx_word' id='word_1_283' title='bbox 102 3611 178 3676; x_wconf 81' lang='grc' dir='ltr'>ἴδιον</span> <span class='ocrx_word' id='word_1_284' title='bbox 202 3611 345 3695; x_wconf 80' lang='grc' dir='ltr'>ἑπόμενον</span> <span class='ocrx_word' id='word_1_285' title='bbox 367 3620 410 3699; x_wconf 82' lang='grc' dir='ltr'>τῷ</span> <span class='ocrx_word' id='word_1_286' title='bbox 434 3620 535 3700; x_wconf 81' lang='grc' dir='ltr'>κοινῷ,</span> <span class='ocrx_word' id='word_1_287' title='bbox 558 3616 596 3679; x_wconf 84' lang='lat' dir='ltr'>cf.</span> <span class='ocrx_word' id='word_1_288' title='bbox 620 3615 734 3698; x_wconf 69' lang='lat' dir='ltr'>truh),</span> <span class='ocrx_word' id='word_1_289' title='bbox 757 3615 802 3678; x_wconf 92' lang='lat' dir='ltr'>illi</span> <span class='ocrx_word' id='word_1_290' title='bbox 827 3638 845 3678; x_wconf 93' lang='lat' dir='ltr'>a</span> <span class='ocrx_word' id='word_1_291' title='bbox 866 3637 923 3679; x_wconf 90' lang='lat' dir='ltr'>sua</span> <span class='ocrx_word' id='word_1_292' title='bbox 945 3618 1076 3699; x_wconf 88' lang='lat' dir='ltr'>quisque</span> <span class='ocrx_word' id='word_1_293' title='bbox 1100 3616 1237 3682; x_wconf 86' lang='lat' dir='ltr'>utilitate</span> <span class='ocrx_word' id='word_1_294' title='bbox 1256 3640 1326 3702; x_wconf 90' lang='lat' dir='ltr'>pro·</span> 
     </span>
     <span class='ocr_line' id='line_1_30' title="bbox 102 3725 1326 3810; baseline 0.004 -22"><span class='ocrx_word' id='word_1_295' title='bbox 102 3725 179 3788; x_wconf 84' lang='lat' dir='ltr'>secti</span> <span class='ocrx_word' id='word_1_296' title='bbox 203 3745 402 3789; x_wconf 91' lang='lat' dir='ltr'>communem</span> <span class='ocrx_word' id='word_1_297' title='bbox 429 3726 563 3789; x_wconf 88' lang='lat' dir='ltr'>salutem</span> <span class='ocrx_word' id='word_1_298' title='bbox 587 3737 825 3810; x_wconf 88' lang='lat' dir='ltr'>persequuntur.</span> <span class='ocrx_word' id='word_1_299' title='bbox 880 3728 959 3790; x_wconf 91' lang='lat' dir='ltr'>Item</span> <span class='ocrx_word' id='word_1_300' title='bbox 987 3728 1172 3792; x_wconf 85' lang='lat' dir='ltr'>Aristoteles</span> <span class='ocrx_word' id='word_1_301' title='bbox 1200 3750 1326 3793; x_wconf 91' lang='lat' dir='ltr'>concor-</span> 
     </span>
     <span class='ocr_line' id='line_1_31' title="bbox 100 3835 1326 3923; baseline 0.004 -25"><span class='ocrx_word' id='word_1_302' title='bbox 100 3835 200 3916; x_wconf 85' lang='lat' dir='ltr'>diam,</span> <span class='ocrx_word' id='word_1_303' title='bbox 225 3856 318 3918; x_wconf 89' lang='lat' dir='ltr'>quam</span> <span class='ocrx_word' id='word_1_304' title='bbox 343 3838 491 3920; x_wconf 82' lang='grc' dir='ltr'>πυλιτικὴν</span> <span class='ocrx_word' id='word_1_305' title='bbox 515 3837 610 3920; x_wconf 85' lang='grc' dir='ltr'>φιλίαν</span> <span class='ocrx_word' id='word_1_306' title='bbox 634 3838 803 3917; x_wconf 83' lang='lat' dir='ltr'>existimat,</span> <span class='ocrx_word' id='word_1_307' title='bbox 827 3839 950 3919; x_wconf 80' lang='grc' dir='ltr'>περὶτὰ</span> <span class='ocrx_word' id='word_1_308' title='bbox 974 3839 1158 3923; x_wconf 84' lang='grc' dir='ltr'>συμφέροντα</span> <span class='ocrx_word' id='word_1_309' title='bbox 1182 3889 1189 3903; x_wconf 94' lang='grc'><strong>.</strong></span> <span class='ocrx_word' id='word_1_310' title='bbox 1214 3889 1221 3902; x_wconf 93' lang='grc'><strong>.</strong></span> <span class='ocrx_word' id='word_1_311' title='bbox 1247 3890 1254 3903; x_wconf 93' lang='grc'><strong>.</strong></span> <span class='ocrx_word' id='word_1_312' title='bbox 1278 3842 1326 3903; x_wconf 85' lang='grc' dir='ltr'>καὶ</span> 
     </span>
     <span class='ocr_line' id='line_1_32' title="bbox 101 3947 1325 4036; baseline 0.006 -27"><span class='ocrx_word' id='word_1_313' title='bbox 101 3947 138 4010; x_wconf 86' lang='grc' dir='ltr'>τὰ</span> <span class='ocrx_word' id='word_1_314' title='bbox 163 3947 207 4016; x_wconf 78' lang='grc' dir='ltr'>εἰς</span> <span class='ocrx_word' id='word_1_315' title='bbox 228 3947 277 4010; x_wconf 85' lang='grc' dir='ltr'>τὸν</span> <span class='ocrx_word' id='word_1_316' title='bbox 302 3948 362 4032; x_wconf 85' lang='grc' dir='ltr'>βίον</span> <span class='ocrx_word' id='word_1_317' title='bbox 386 3947 531 4031; x_wconf 77' lang='grc' dir='ltr'>ἀνήκοντα</span> <span class='ocrx_word' id='word_1_318' title='bbox 553 3971 618 4014; x_wconf 88' lang='lat' dir='ltr'>esse</span> <span class='ocrx_word' id='word_1_319' title='bbox 634 3951 719 4028; x_wconf 89' lang='lat' dir='ltr'>dicit,</span> <span class='ocrx_word' id='word_1_320' title='bbox 743 3971 805 4035; x_wconf 87' lang='lat' dir='ltr'>qua</span> <span class='ocrx_word' id='word_1_321' title='bbox 827 3950 860 4014; x_wconf 92' lang='lat' dir='ltr'>in</span> <span class='ocrx_word' id='word_1_322' title='bbox 876 3972 908 4015; x_wconf 87' lang='lat' dir='ltr'>re</span> <span class='ocrx_word' id='word_1_323' title='bbox 925 3973 1122 4016; x_wconf 91' lang='lat' dir='ltr'>communem</span> <span class='ocrx_word' id='word_1_324' title='bbox 1146 3952 1325 4036; x_wconf 87' lang='lat' dir='ltr'>opinionem</span> 
     </span>
     <span class='ocr_line' id='line_1_33' title="bbox 100 4057 1324 4146; baseline 0.003 -24"><span class='ocrx_word' id='word_1_325' title='bbox 100 4057 248 4141; x_wconf 83' lang='lat' dir='ltr'>sequitur</span> <span class='ocrx_word' id='word_1_326' title='bbox 269 4059 322 4141; x_wconf 86' lang='lat' dir='ltr'>(cf.</span> <span class='ocrx_word' id='word_1_327' title='bbox 339 4059 407 4124; x_wconf 77' lang='lat' dir='ltr'>Eth.</span> <span class='ocrx_word' id='word_1_328' title='bbox 424 4060 543 4124; x_wconf 81' lang='lat' dir='ltr'>Nicom.</span> <span class='ocrx_word' id='word_1_329' title='bbox 561 4060 616 4124; x_wconf 88' lang='lat' dir='ltr'>IX.</span> <span class='ocrx_word' id='word_1_330' title='bbox 631 4064 659 4124; x_wconf 89' lang='grc'>6.</span> <span class='ocrx_word' id='word_1_331' title='bbox 675 4062 755 4127; x_wconf 73' lang='grc'><strong>1167</strong></span> <span class='ocrx_word' id='word_1_332' title='bbox 770 4068 785 4101; x_wconf 81' lang='lat'>⁸</span> <span class='ocrx_word' id='word_1_333' title='bbox 798 4061 855 4126; x_wconf 80' lang='lat'>26:</span> <span class='ocrx_word' id='word_1_334' title='bbox 883 4061 935 4130; x_wconf 83' lang='grc' dir='ltr'>τὰς</span> <span class='ocrx_word' id='word_1_335' title='bbox 957 4060 1054 4130; x_wconf 88' lang='grc' dir='ltr'>πόλεις</span> <span class='ocrx_word' id='word_1_336' title='bbox 1078 4065 1210 4143; x_wconf 80' lang='grc' dir='ltr'>ὁμονοεῖν</span> <span class='ocrx_word' id='word_1_337' title='bbox 1227 4064 1324 4146; x_wconf 87' lang='grc' dir='ltr'>φασίν,</span> 
     </span>
     <span class='ocr_line' id='line_1_34' title="bbox 101 4170 1324 4259; baseline 0.005 -27"><span class='ocrx_word' id='word_1_338' title='bbox 101 4170 177 4232; x_wconf 81' lang='grc' dir='ltr'>ὅταν</span> <span class='ocrx_word' id='word_1_339' title='bbox 200 4172 266 4252; x_wconf 85' lang='grc' dir='ltr'>περὶ</span> <span class='ocrx_word' id='word_1_340' title='bbox 289 4177 348 4233; x_wconf 84' lang='grc' dir='ltr'>τῶν</span> <span class='ocrx_word' id='word_1_341' title='bbox 371 4172 577 4255; x_wconf 85' lang='grc' dir='ltr'>συμφερόντων</span> <span class='ocrx_word' id='word_1_342' title='bbox 602 4175 847 4256; x_wconf 86' lang='grc' dir='ltr'>όμογνωμονῶσιν</span> <span class='ocrx_word' id='word_1_343' title='bbox 864 4176 910 4240; x_wconf 86' lang='grc' dir='ltr'>καὶ</span> <span class='ocrx_word' id='word_1_344' title='bbox 934 4175 1026 4238; x_wconf 83' lang='grc' dir='ltr'>ταδτά</span> <span class='ocrx_word' id='word_1_345' title='bbox 1053 4179 1249 4259; x_wconf 83' lang='grc' dir='ltr'>προαιρῶνται</span> <span class='ocrx_word' id='word_1_346' title='bbox 1275 4177 1324 4240; x_wconf 83' lang='grc' dir='ltr'>καὶ</span> 
     </span>
     <span class='ocr_line' id='line_1_35' title="bbox 100 4283 1324 4371; baseline 0.007 -27"><span class='ocrx_word' id='word_1_347' title='bbox 100 4283 255 4364; x_wconf 81' lang='grc' dir='ltr'>πράττωσι</span> <span class='ocrx_word' id='word_1_348' title='bbox 277 4284 313 4346; x_wconf 88' lang='grc' dir='ltr'>τά</span> <span class='ocrx_word' id='word_1_349' title='bbox 335 4288 422 4368; x_wconf 77' lang='grc' dir='ltr'>κοινῇ</span> <span class='ocrx_word' id='word_1_350' title='bbox 445 4285 591 4366; x_wconf 75' lang='grc' dir='ltr'>δόξαντα),</span> <span class='ocrx_word' id='word_1_351' title='bbox 614 4287 666 4351; x_wconf 86' lang='lat' dir='ltr'>scd</span> <span class='ocrx_word' id='word_1_352' title='bbox 691 4296 817 4371; x_wconf 85' lang='lat' dir='ltr'>propter</span> <span class='ocrx_word' id='word_1_353' title='bbox 832 4287 984 4351; x_wconf 84' lang='lat' dir='ltr'>iustitiam</span> <span class='ocrx_word' id='word_1_354' title='bbox 1009 4309 1027 4350; x_wconf 86' lang='lat' dir='ltr'>a</span> <span class='ocrx_word' id='word_1_355' title='bbox 1054 4288 1144 4352; x_wconf 89' lang='lat' dir='ltr'>bunis</span> <span class='ocrx_word' id='word_1_356' title='bbox 1173 4309 1242 4352; x_wconf 83' lang='lat' dir='ltr'>eum</span> <span class='ocrx_word' id='word_1_357' title='bbox 1271 4309 1324 4352; x_wconf 86' lang='lat' dir='ltr'>ex·</span> 
     </span>
    </p>
   </div>
   <div class='ocr_carea' id='block_1_5' title="bbox 194 4507 866 4583">
    <p class='ocr_par' dir='ltr' id='par_1_5' title="bbox 194 4507 866 4583">
     <span class='ocr_line' id='line_1_36' title="bbox 194 4507 866 4583; baseline 0.007 -20"><span class='ocrx_word' id='word_1_358' title='bbox 194 4507 227 4572; x_wconf 76' lang='lat'>⁸⁶)</span> <span class='ocrx_word' id='word_1_359' title='bbox 246 4524 314 4577; x_wconf 82' lang='lat' dir='ltr'>quae</span> <span class='ocrx_word' id='word_1_360' title='bbox 334 4511 453 4566; x_wconf 83' lang='lat' dir='ltr'>definitio</span> <span class='ocrx_word' id='word_1_361' title='bbox 472 4519 579 4583; x_wconf 81' lang='lat' dir='ltr'>sumpta</span> <span class='ocrx_word' id='word_1_362' title='bbox 600 4519 641 4568; x_wconf 87' lang='lat' dir='ltr'>est</span> <span class='ocrx_word' id='word_1_363' title='bbox 660 4531 674 4567; x_wconf 86' lang='lat' dir='ltr'>a</span> <span class='ocrx_word' id='word_1_364' title='bbox 693 4513 866 4582; x_wconf 82' lang='lat' dir='ltr'>Rep.431d.</span> 
     </span>
    </p>
   </div>
   <div class='ocr_carea' id='block_1_6' title="bbox 0 0 1568 5124">
    <p class='ocr_par' dir='ltr' id='par_1_6' title="bbox 0 0 1568 5124">
     <span class='ocr_line' id='line_1_37' title="bbox 0 0 1568 5124; baseline 0 2"><span class='ocrx_word' id='word_1_365' title='bbox 0 0 1568 5124; x_wconf 95' lang='lat' dir='ltr'> </span> 
     </span>
    </p>
   </div>
  </div>
 </body>
</html>
