3128 5124
757 365 971 428 ..14-

255 538 385 617 χρῆσις
408 537 500 617 παρῇ,
524 534 685 618 Antiphon
714 536 809 598 etiam
837 535 916 599 illud
944 535 1004 600 sibi
1033 538 1203 621 proposuit,
1231 547 1267 602 nt
1294 540 1488 619 ostenderet,

256 667 319 730 qua
340 646 461 710 ratione
484 655 565 710 esset
588 646 721 730 pecunia
744 647 907 711 utendum.
953 648 1072 726 Quibus
1088 651 1181 714 rebus
1196 651 1391 734 intellegitur
1405 651 1486 717 haec

256 778 329 822 eum
356 757 524 836 addidisse,
554 781 623 823 cum
652 759 690 823 ad
719 761 917 825 concordiam
945 760 1059 826 civium
1087 771 1252 846 spectaret,
1281 784 1361 848 qnae
1384 765 1488 829 conti·

257 877 383 934 ner-etur
405 871 555 935 utilitatis
578 871 853 954 cornmunicne'⁶).

344 983 453 1068 ltaque
475 983 566 1048 facile
589 985 739 1048 concedas
762 1006 819 1050 nec
843 995 925 1049 recta
948 985 1148 1071 interpretari
1163 986 1368 1052 Bureschium
1392 988 1487 1052 fabu-
1549 1055 1550 1086 r

258 1093 333 1174 lam,
356 1116 419 1178 qna
441 1095 592 1160 consolari
615 1097 788 1180 sophistam
811 1096 850 1160 de
873 1097 987 1162 amissa
1013 1098 1146 1183 pecnnia
1176 1098 1311 1162 voluisse
1340 1098 1485 1182 dicat²'),

258 1227 315 1270 nec
342 1207 496 1292 pertinere
525 1206 582 1270 hoc
609 1209 816 1288 fragmentum
845 1209 883 1272 ad
912 1218 1012 1274 artem
1039 1211 1289 1275 consolatoriam.
1340 1211 1488 1296 Itemque

260 1317 476 1383 Duemmlerus
500 1341 518 1382 a
540 1340 612 1382 vero
636 1319 855 1402 aberravit²⁸):
881 1321 993 1401 „llicse
1025 1323 1155 1386 Parabel
1183 1323 1356 1408 antspricht
1381 1345 1485 1405 ganan

257 1431 329 1494 dem
352 1431 509 1496 Gleiohnis
539 1437 582 1495 im
611 1433 740 1516 Gorgias
765 1433 881 1516 (eata)
910 1455 981 1497 rom
1010 1435 1240 1500 anthaltsamen
1264 1437 1398 1500 Manne“
1424 1446 1486 1501 etc.

258 1542 313 1606 Est
339 1544 422 1607 enim
452 1566 514 1608 non
547 1545 720 1624 continens
755 1546 809 1608 sed
844 1566 966 1626 avarus,
1000 1567 1095 1630 quem
1127 1548 1290 1632 Antiphon
1325 1549 1486 1613 describit.
1549 1605 1550 1628 ,

258 1655 490 1720 Continentiam
516 1665 620 1720 autern
645 1657 698 1721 ille
724 1657 835 1742 prebat
860 1659 914 1739 (cf.
931 1660 966 1722 fr.
983 1658 1035 1740 58,
1052 1659 1119 1740 59),
1137 1661 1312 1724 contemnit
1328 1661 1486 1726 Callicles.
1549 1707 1550 1716 .

259 1768 346 1832 Inter
377 1789 454 1852 quos
489 1770 571 1834 viros
604 1770 682 1833 nihil
717 1791 883 1834 commune
917 1771 1092 1835 intercedit.
1138 1773 1218 1836 Nam
1255 1773 1416 1857 Antiphon
1455 1783 1490 1838 et
1549 1801 1550 1815 ¹

259 1880 376 1944 civium
399 1881 552 1945 rationem
576 1882 751 1946 habendam
781 1891 812 1946 et
841 1883 1029 1968 cupiditates
1057 1885 1242 1948 coercendas
1270 1905 1335 1949 esse
1362 1887 1490 1951 statuit.
1549 1971 1550 1978 ἵ

346 1991 429 2056 Haec
453 1993 547 2075 igitur
570 2015 607 2057 ex
632 1995 667 2056 fr.
684 1995 727 2058 54
749 2002 781 2058 et
796 1995 838 2057 58
854 1997 1070 2078 cognovimus:
1095 1997 1231 2080 primum
1254 1998 1489 2082 Antiphontem
1549 1987 1550 2020 ¹

259 2103 455 2168 concordiam
489 2105 521 2168 in
554 2108 711 2169 communi
746 2109 888 2171 omnium
917 2107 1055 2171 utilitate
1084 2109 1233 2192 posuisse,
1268 2109 1381 2174 deinde
1413 2131 1487 2174 eum

260 2217 393 2300 pecunia
416 2227 498 2280 recte
521 2219 640 2282 utenda
663 2219 745 2282 cives
768 2220 849 2283 inter
871 2242 904 2283 se
931 2221 1042 2283 sociari
1071 2220 1219 2284 docuisse.
1265 2221 1330 2286 Nec
1354 2243 1426 2287 vero
1450 2223 1486 2287 in
1549 2255 1550 2260 ¹

259 2328 308 2408 iis,
332 2350 411 2411 quae
433 2330 602 2406 effecimus,
620 2331 863 2413 acquiescamus,
880 2331 934 2395 sed
951 2341 1045 2397 testes
1061 2332 1266 2397 adhibeamus
1282 2341 1313 2396 et
1328 2335 1489 2417 sophistae
1549 2385 1550 2428 ,

259 2441 406 2524 aequales
435 2450 466 2504 et
492 2443 686 2526 posteriores
705 2443 912 2527 philosophae,
941 2455 976 2507 ut
1003 2446 1101 2527 magis
1129 2445 1251 2514 eluceat
1278 2467 1349 2509 eum
1380 2446 1418 2510 de
1444 2447 1488 2511 iis

258 2552 335 2637 ipsis
357 2554 451 2618 rebus
474 2554 667 2634 disseruisse,
692 2555 806 2637 quibus
829 2556 885 2619 illa
907 2564 1010 2620 aetate
1032 2556 1130 2620 animi
1160 2557 1322 2622 hominum
1347 2559 1489 2622 maxime
1549 2605 1550 2610 η

258 2665 508 2747 exagitabantur.
554 2666 678 2730 Etenim
708 2666 818 2731 habuit
846 2667 1015 2750 Antiphon,
1045 2677 1080 2732 ut
1108 2690 1156 2732 res
1183 2677 1250 2732 tum
1278 2677 1377 2750 erant,
1402 2672 1489 2755 quod
1549 2691 1550 2720 i

259 2776 447 2841 discordiam
470 2779 585 2841 civium
610 2779 811 2862 vituperaret.
857 2781 995 2856 Quorum
1019 2781 1110 2846 alteri
1132 2781 1252 2845 divitiis
1268 2782 1487 2864 abundabant,

259 2889 350 2953 alteri
378 2903 514 2973 egestate
542 2892 745 2956 vexabantur.
806 2892 938 2977 Utrique
969 2894 1083 2957 bonum
1109 2894 1269 2978 publicum
1297 2895 1487 2960 simulantes

258 3002 324 3066 suis
347 3004 518 3067 commodis
540 3006 664 3068 servire.
711 3005 855 3068 Avaritia
878 3005 970 3069 fidem
995 3007 1484 3090 probitatemquesubverterat:

351 3225 383 3288 26)
402 3226 435 3278 ci.
460 3227 489 3278 F.
510 3226 542 3278 A.
562 3227 661 3294 Lange,
686 3226 780 3280 Gcsch.
800 3227 825 3279 d.
844 3229 1048 3282 Materialismus
1069 3247 1095 3298 p.
1107 3229 1141 3282 39
1155 3245 1207 3298 sq.:
1239 3229 1268 3280 In
1293 3231 1337 3279 der
1356 3229 1433 3282 Ethilc
1453 3233 1487 3284 r'st

258 3314 315 3376 <dar
338 3313 430 3365 Schritt
452 3333 504 3366 eom
528 3315 661 3366 Einaelrren
685 3334 737 3364 aare
757 3317 933 3379 Allpemer'neo)
957 3321 987 3367 r'm
1009 3316 1111 3369 Grande
1135 3320 1208 3369 sehon
1231 3320 1372 3385 paschales,
1398 3320 1490 3370 enbald

258 3403 299 3451 dia
326 3401 431 3468 Tupend,
460 3404 521 3453 noch
546 3405 690 3470 Aufldsusq
713 3405 776 3453 aller
798 3404 927 3456 (tullerlr'oh
949 3409 1085 3472 popedonea
1109 3407 1245 3466 obp'alcticen
1270 3406 1388 3472 Normen,
1416 3409 1485 3459 nicht

259 3491 356 3555 eiofuch
380 3491 418 3541 bei
437 3490 502 3542 Seite
524 3503 624 3558 pesatat,
651 3493 756 3541 eundern
780 3495 830 3558 anf
850 3497 895 3542 dus
914 3494 1016 3558 Prinzt'p
1041 3496 1085 3544 der
1104 3495 1243 3561 Erhaltnaq
1268 3496 1320 3544 aad
1335 3495 1487 3563 Fdrderurry

258 3579 326 3628 einer
345 3579 516 3630 nreasclrla'chen
534 3579 874 3648 Gemeiaaclrufttlberlropcn
888 3583 956 3633 wird.
988 3583 1039 3632 Die
1053 3581 1304 3648 Sophisteabetrctcn
1323 3584 1405 3634 diesen
1427 3586 1487 3651 Weq
1549 3591 1550 3648 l

261 3668 319 3716 noch
339 3669 399 3717 ohne
419 3669 470 3718 sich
491 3671 571 3718 seiner
586 3671 762 3738 principiallen
777 3670 922 3738 Bedeutuop
935 3670 1031 3721 bewullt
1044 3689 1073 3720 an
1088 3673 1148 3722 seia.
1177 3671 1264 3725 Testis
1284 3676 1325 3724 est
1338 3671 1381 3724 hic
1395 3671 1483 3724 locus:
1527 3693 1531 3706 ·
1549 3663 1550 3686 ³

260 3755 365 3820 [Iseon]
384 3756 416 3807 ad
438 3757 545 3808 Demcn.
569 3757 611 3808 ll:
633 3758 741 3824 pollictor
759 3754 785 3810 δ’
801 3757 830 3810 ἂν
850 3758 1020 3828 εὐδοκιμοίης,
1039 3759 1061 3811 εἰ
1080 3759 1178 3827 φαίνοιο
1198 3764 1278 3812 ταῦτα
1297 3759 1332 3828 μὴ
1352 3761 1483 3829 πράττων,

261 3843 499 3902 desecationes
519 3847 669 3915 πράττουσιν
689 3843 835 3916 ἐπιτιμῴης.
855 3848 888 3900 cf.
909 3847 951 3900 21.
971 3877 1003 3885 -
1025 3847 1089 3901 Cum
1110 3848 1275 3915 Antiphonte
1295 3849 1484 3917 philosophum

261 3947 331 3984 saec.
354 3933 445 3985 XVlll
469 3950 494 4001 p.
520 3932 566 3985 Ch.
590 3950 616 3985 n.
641 3935 826 3987 Helvetium
852 3937 1063 4004 componendum
1087 3953 1147 3990 esse
1171 3945 1243 4005 puto,
1268 3937 1302 3988 cl.
1326 3937 1484 4006 Ueberweg·

261 4021 371 4087 Heinzs,
390 4020 502 4073 Grundr.
517 4024 542 4073 d.
557 4021 651 4073 Gesch.
665 4023 691 4074 d.
705 4021 772 4074 Phil.
786 4021 843 4074 ΙΙΙ7
859 4023 919 4075 184:
940 4026 997 4089 Aaf
1007 4026 1053 4074 dus
1065 4025 1165 4093 Prinerp
1180 4026 1222 4074 dea
1235 4025 1334 4090 eipenen
1349 4023 1485 4075 Interesses

260 4109 302 4158 hot
316 4109 409 4159 hamelet
423 4110 465 4158 des
477 4107 570 4173 Sotaes,
584 4109 640 4160 dall
652 4110 731 4160 dieses
744 4129 790 4159 aar
809 4113 833 4161 in
852 4099 1085 4176 Ubereinstirnmony
1103 4113 1145 4160 mit
1164 4112 1217 4162 dem
1238 4112 1402 4162 Oeraer'nwchl
1418 4115 1485 4162 seina
1549 4159 1550 4184 ξ

260 4197 400 4262 unpetre'ibte
413 4197 464 4246 und
475 4197 536 4247 oolla
554 4196 732 4263 Besrr'eda'gunp
743 4216 773 4248 aa
784 4199 873 4260 finden
890 4206 1010 4265 carmeyo,
1030 4196 1155 4248 Helvetios
1169 4199 1207 4248 die
1223 4199 1310 4248 Morcl
1328 4217 1357 4248 aa
1373 4199 1485 4264 peliades

261 4286 379 4337 veruucht.

351 4372 382 4437 ²⁷)
401 4373 419 4426 l.
432 4389 453 4426 c.
474 4392 500 4442 p.
514 4373 557 4428 83.

351 4460 383 4527 28)
403 4461 561 4514 Academica
581 4478 606 4529 p.
621 4461 663 4514 81.
