3128 5124
764 377 978 440 ,32-

258 547 505 635 ἰιιιοιροιιιὶί”).
550 550 648 626 Quem
673 550 699 612 si
714 548 862 630 sequeris,
879 547 962 611 hirnc
979 547 1041 611 lere
1057 567 1184 610 sensum
1200 545 1228 610 ei
1245 546 1311 611 loco
1327 546 1493 610 subicies:

259 659 402 726 ‘difficile
426 657 471 726 est
494 661 676 734 divortium,
711 660 873 741 coniugem
906 659 1065 723 inimicam
1094 660 1210 736 lacere,
1240 679 1310 722 cum
1339 679 1410 722 eam
1444 659 1495 722 di·

210 863 213 875 Ι
258 774 400 857 gnaveris
422 785 454 838 et
480 774 519 838 ab
547 774 602 837 illa
629 773 773 856 dignatus
806 773 849 837 sis
872 772 1127 836 coniunctissima
1154 771 1321 835 concordia
1354 771 1494 834 vivero?

259 889 340 952 Nam
363 889 451 969 φιλοι,
475 887 525 950 cui
548 886 738 951 contrarium
762 884 876 968 ἐχθροί,
900 885 984 968 apud
1007 905 1089 957 eum,
1114 884 1167 967 qui
1192 883 1313 967 poetico
1340 905 1495 948 sermone
1541 879 1542 932 l

258 1007 375 1076 utatur,
400 1020 478 1064 uxor
500 1019 566 1062 esse
590 1005 691 1083 potest
712 998 766 1079 (cf.
789 996 902 1062 Aesoh.
927 1001 984 1078 Ag.
1011 997 1093 1060 1236
1111 992 1188 1079 Ἀρη
1212 996 1307 1079 palor<
1337 996 1493 1059 πνέουσαν
1541 1007 1542 1100 γ

258 1113 278 1176 i.
304 1132 330 1175 o.
353 1111 491 1193 marito),
515 1132 595 1195 quae
620 1109 764 1193 quamvis
786 1110 888 1174 invise
909 1110 950 1172 sit
973 1109 1096 1190 marito,
1120 1118 1226 1172 tamen
1250 1107 1321 1192 ipsa
1343 1131 1408 1173 non
1444 1112 1493 1172 in·
1541 1169 1542 1174 ,

258 1225 361 1299 imica,
385 1245 464 1308 quae
488 1225 541 1287 fiet
564 1223 707 1286 divortio.
754 1221 870 1286 Dubito
894 1243 933 1285 an
957 1222 1083 1285 haereat
1098 1221 1216 1304 aliquid
1232 1222 1381 1305 suspecti.
1424 1221 1491 1285 Sed
1541 1213 1542 1246 ³

258 1357 433 1421 pergamus.
479 1336 582 1398 Etiam
605 1336 632 1397 si
659 1333 837 1397 felicissime
866 1334 1013 1412 evenerit,
1043 1334 1183 1397 miserias
1210 1353 1273 1397 non
1302 1334 1412 1397 deesse
1444 1334 1491 1396 af·

258 1451 372 1514 firmat.
416 1449 544 1512 Gaudiis
567 1447 650 1510 enim
674 1467 796 1530 semper
811 1446 964 1510 finitimos
987 1466 1053 1510 esse
1076 1446 1209 1510 dolores:
1233 1445 1263 1508 ἐν
1284 1450 1326 1529 τῷ
1344 1445 1429 1530 αὐτῷ
1457 1446 1492 1508 δέ

195 1601 198 1608 ·
258 1583 290 1640 γε
313 1561 419 1644 τούτῳ,
442 1558 515 1623 ἔνθα
543 1561 575 1622 τδ
604 1559 670 1642 ἡδύ,
698 1556 791 1621 ἔνεστι
820 1559 941 1642 πλησίον
971 1581 1026 1621 που
1056 1561 1103 1622 καὶ
1130 1561 1163 1622 τὸ
1192 1558 1338 1641 λυπηρόν·
1368 1561 1398 1622 αἱ
1430 1561 1489 1641 γὰρ

258 1675 361 1757 ἡδοναὶ
389 1673 442 1736 οὐκ
470 1673 518 1735 ἐπὶ
548 1677 631 1754 σφῶν
660 1670 757 1734 αὐτῶν
786 1671 1004 1754 ἐμπορεύονται,
1033 1668 1098 1732 ἀλλ’
1135 1671 1348 1734 ἀκολουθοῦσιν
1380 1671 1489 1740 αὐταῖς

258 1790 346 1849 λῦπαι
370 1787 417 1848 καὶ
441 1787 533 1848 πόνοι.
579 1785 741 1848 Contraria
763 1785 845 1848 inter
866 1805 899 1847 se
915 1784 1082 1848 coniuncta
1098 1803 1164 1848 esse
1180 1783 1287 1849 docuit
1303 1784 1487 1848 Heraclitus

256 1899 309 1982 (cl.
333 1901 370 1964 fr.
390 1898 473 1980 111).
522 1897 570 1960 Ab
594 1918 629 1960 eo
652 1903 847 1980 repetuntur,
871 1917 951 1981 quae
968 1896 1111 1961 Socrates
1139 1897 1223 1981 apud
1247 1897 1410 1960 Platonem
1442 1897 1489 1960 si-

259 2012 375 2075 militer
386 2009 650 2095 atqueAntiphon
664 2009 701 2073 de
715 2010 874 2093 voluptate
887 2017 918 2072 et
929 2008 1033 2072 dolore
1044 2009 1175 2093 exponit
1185 2008 1316 2090 (Phaed.
1329 2010 1486 2092 dObsq.):

258 2127 299 2192 ῶς
321 2124 496 2204 θαυμασίως
518 2122 630 2206 πέφυκε
652 2123 708 2204 (sc.
733 2123 765 2183 τὸ
789 2122 860 2204 ἡδύ)
883 2123 956 2206 πρὸς
986 2124 1019 2184 τὸ
1049 2125 1152 2184 δοκοῦν
1180 2122 1307 2185 ἐναντίον
1336 2121 1421 2197 εἶναι,
1453 2123 1487 2184 τὸ

257 2234 384 2318 λυπηρόν
404 2238 465 2299 κτλ.
511 2231 536 2318 ᾧ
562 2233 595 2296 ἂν
618 2235 651 2296 τὸ
675 2234 773 2318 ἕτερον
795 2234 1002 2318 παραγένηται,
1027 2235 1224 2298 ἐπακολουθεῖ
1245 2235 1364 2317 ὕστερον
1381 2236 1434 2298 καὶ
1451 2235 1485 2295 τὸ

258 2348 365 2433 ἕτερον.
411 2349 478 2412 Hoc
500 2347 626 2431 quidem
650 2346 688 2410 ad
713 2368 836 2410 omnem
858 2346 956 2410 vitam
977 2348 1132 2430 pertinere
1148 2347 1309 2432 Antiphon
1325 2347 1483 2432 exemplis
1541 2375 1542 2400 1

257 2462 460 2525 demonstrat.
507 2459 615 2543 Neque
639 2460 723 2523 enirn
747 2458 843 2521 ullam
868 2458 1060 2543 voluptatem
1085 2469 1141 2522 aut
1165 2460 1312 2523 virtutem
1337 2460 1483 2524 homines

256 2574 323 2636 sine
347 2577 467 2655 magnis
491 2571 651 2636 laboribus
674 2593 710 2634 ac
734 2571 885 2635 molestiis
909 2571 1053 2656 adipisci:
1078 2575 1159 2654 τιμαὶ
1181 2573 1238 2655 γὰρ
1254 2575 1302 2636 καὶ
1319 2567 1413 2649 ἆθλα,
1440 2576 1483 2636 δε-

257 2686 348 2749 λέατα
371 2687 389 2748 ἃ
414 2687 428 2748 δ
452 2686 522 2753 θεὸς
552 2683 661 2747 ἔδωκεν
691 2685 867 2766 ἀνθρώποις,
897 2687 1030 2767 μεγάλων
1062 2684 1158 2747 πόνων
1190 2689 1239 2749 καὶ
1274 2688 1406 2768 ἱδρώτων
1443 2685 1485 2751 είς
1541 2675 1542 2678 ¹

258 2801 385 2882 ἀνάγκας
419 2799 600 2862 καθιστᾶσιν.
662 2797 824 2861 Sententia
860 2797 898 2860 ab
932 2797 1067 2861 Hesiodo
1102 2797 1228 2882 pendet,
1263 2798 1351 2861 cuius
1384 2799 1484 2862 verba
1541 2765 1542 2842 i

256 2912 328 2996 (Op.
353 2911 415 2976 289
437 2911 512 2994 sq.):
537 2916 588 2993 τῆς
612 2907 636 2972 δ’
666 2911 773 2994 ἀρετῆς
796 2911 905 2993 ἱδρῶτα
928 2911 992 2972 θεοὶ
1015 2912 1212 2992 προπάροιθεν
1234 2908 1355 2994 ἔθηκαν,
1384 2931 1482 2994 quam
1541 2975 1542 2998 γ

257 3046 331 3088 vera
354 3033 465 3102 essent,
490 3045 558 3087 curn
583 3030 615 3086 et
638 3030 747 3107 poetae
770 3031 801 3086 et
824 3022 1001 3108 philosophi
1023 3023 1251 3104 intellegerent,
1274 3045 1365 3108 saepe
1388 3023 1429 3087 od
1447 3043 1486 3086 ea
1541 2999 1542 3068 i

258 3138 466 3202 recurrebant.
512 3137 629 3200 Notum
659 3143 706 3200 est
729 3134 906 3219 Epicharmi
933 3134 1010 3198 illud
1040 3134 1092 3217 (fr.
1116 3135 1187 3218 36):
1217 3141 1274 3196 τῶν
1297 3137 1393 3198 πόνων
1423 3161 1484 3198 πω-

257 3251 355 3310 λοῦσιν
378 3249 448 3330 ημῖν
472 3248 566 3308 πάντα
588 3243 692 3328 τάγάθ’
722 3247 748 3307 οἱ
772 3245 845 3308 θεοί.
893 3246 941 3309 Ab
967 3246 1074 3310 eodem
1092 3245 1217 3310 Hesiodi
1240 3247 1306 3311 loco
1324 3247 1484 3330 profectus
1541 3217 1542 3254 i

257 3361 405 3424 Prodicus
427 3360 464 3423 de
487 3360 603 3429 virtute
627 3358 781 3436 disseruit,
811 3381 882 3422 cum
907 3359 1048 3422 Herculis
1072 3359 1214 3442 exemplo
1231 3380 1305 3423 usus
1321 3360 1410 3423 illam
1435 3361 1482 3422 f·
1541 3369 1542 3390 ³

258 3473 364 3537 bulam
387 3479 537 3536 narraret.
583 3471 627 3535 Cf.
650 3471 730 3534 Xen.
755 3471 846 3535 Mem.
872 3473 901 3534 H
926 3471 1012 3549 138:
1037 3471 1164 3554 τῶνγὰρ
1181 3471 1271 3534 ὄντων
1288 3473 1408 3554 ἀγαθῶν
1432 3471 1481 3534 καί

256 3585 353 3645 καλῶν
377 3581 460 3644 οὐδὲν
477 3581 544 3643 ἄνευ
561 3583 652 3644 πόνου
669 3583 716 3644 καὶ
733 3581 899 3660 ἐπιμελείας
914 3583 941 3644 οἱ
959 3583 1022 3644 θεοὶ
1039 3582 1165 3645 διδόασιν
1183 3583 1351 3666 ἀνθρώποις
1367 3629 1480 3647 .....
1541 3565 1542 3568 ἐ

257 3695 283 3756 εἰ
306 3695 408 3757 δὲκαὶ
431 3697 475 3777 τῷ
499 3698 613 3776 σώματι
638 3695 734 3778 βούλει
753 3697 872 3761 δυνατὸς
889 3694 972 3772 εἶναι,
995 3700 1032 3776 τῇ
1055 3698 1160 3778 γνώμη
1177 3695 1330 3778 ὑπηρετεῖν
1347 3694 1482 3758 ἐθιστέον

256 3807 289 3868 τὸ
315 3810 402 3884 σῶμα
423 3805 471 3867 καὶ
494 3806 672 3888 γυμναστέον
695 3805 747 3868 σὺν
771 3807 869 3874 πόνοις
891 3807 938 3867 καὶ
962 3807 1072 3889 ἱδρῶτι.
1119 3805 1221 3869 Velim
1247 3805 1482 3870 animadvertas

256 3918 490 4002 Antiphontem
507 3939 570 3981 non
595 3919 666 3981 deos
690 3917 802 3995 dicero,
825 3917 880 3981 sed
903 3917 1006 3982 deum.
1053 3919 1131 3982 ltern
1156 3919 1188 3982 in
1204 3919 1240 3982 fr.
1257 3919 1313 3982 54:
1339 3917 1480 3999 ὅτανγὰρ

257 4030 272 4091 θ
297 4028 366 4096 θεὸς
390 4029 430 4110 μὴ
454 4032 603 4096 παντελῶς
627 4029 766 4112 βούληται
782 4028 880 4109 ἀγαθὰ
897 4029 1006 4090 διδόναι
1022 4029 1105 4110 ἀνδρί
1119 4031 1179 4091 κτλ.
1225 4029 1271 4092 De
1295 4029 1351 4092 deo
1373 4037 1478 4092 autem

258 4140 496 4224 quidsenserit,
520 4163 558 4205 ex
580 4142 617 4205 fr.
644 4141 684 4204 10
706 4141 778 4205 libri
792 4135 947 4225 Ἀληθείας
970 4141 1174 4224 intellegitur:
1204 4141 1251 4204 διὰ
1280 4145 1365 4204 τοῦτο
1398 4141 1478 4203 οὐδε·

257 4253 305 4320 νὸς
327 4253 418 4315 δεῖται
441 4253 509 4314 οὐδὲ
532 4251 726 4336 προσδέχεται
750 4251 866 4321 οὐδενός
883 4276 918 4333 τι,
936 4250 997 4314 ἀλλ’
1018 4252 1137 4336 ἄπειρος
1153 4253 1201 4315 καὶ
1218 4251 1350 4335 ἀδέητος.
1395 4251 1479 4314 Deos

258 4393 460 4402 ——

347 4479 378 4543 ⁷²)
397 4481 428 4533 ln
447 4479 531 4534 altera
549 4479 612 4534 edit.
632 4479 751 4532 codicum
772 4479 908 4532 lectionem
922 4480 1046 4546 servarit,
1066 4479 1154 4549 φίλους
1173 4479 1207 4532 ad
1226 4480 1352 4547 coniuges
1366 4478 1477 4531 rettulit.
