3128 5124
592 386 887 482 -13--¹

86 556 166 619 alter
199 555 291 619 alteri
324 576 424 638 neque
459 555 595 619 confidat
626 577 728 639 neque
762 564 931 620 succurrat.
978 557 1066 634 Quod
1099 557 1126 621 si
1160 558 1308 640 iacerent,

85 688 244 732 summam
268 667 436 731 utilitatem
461 666 658 751 perciperent
680 689 696 731 e
721 667 804 730 vitae
827 668 984 732 societate.
1044 669 1094 732 Ad
1123 668 1260 750 ὁμόνοιαν
1270 667 1311 751 ²⁴)

85 781 163 844 haec
187 781 341 864 pertinere
365 779 434 864 quis
457 800 519 843 non
542 779 649 844 videt?
673 778 705 842 Si
729 782 808 843 sorte
832 781 902 864 quis
926 779 1060 860 dubitet,
1076 783 1214 846 conferat
1229 803 1310 865 quae

49 885 57 894 ’
85 892 125 955 de
160 892 269 957 eadem
298 913 331 955 re
357 893 500 974 exposuit
524 891 720 956 Democritus
746 893 783 954 fr.
801 893 878 956 255:
917 891 985 955 ὅταν
1013 893 1039 954 οἱ
1068 895 1224 974 δυνάμενοι
1250 899 1311 962 τοῖς

87 1006 129 1087 μὴ
154 1003 259 1088 ἔχουσι
280 1006 328 1068 ναί
352 975 538 1087 προτελείν
562 1004 709 1084 τολμέωσι
724 1005 773 1066 καὶ
797 1004 984 1087 ὑπουργεῖν
1008 1006 1056 1067 καὶ
1078 1007 1311 1090 χαρίζεσθαι,

84 1117 116 1180 ἐν
152 1118 245 1202 τούτῳ
278 1116 335 1200 ἤδη
370 1119 417 1180 καὶ
450 1119 482 1179 τὸ
517 1117 648 1199 οἰκτίρειν
679 1115 773 1180 ἔνεστι
799 1118 847 1180 καὶ
875 1118 916 1200 μὴ
946 1117 1074 1200 ἐρήμους
1101 1118 1175 1182 εἶναι
1202 1120 1249 1182 καὶ
1277 1121 1310 1182 τὸ

85 1229 221 1314 ἑταίρους
242 1231 382 1311 γίνεσθαι,
405 1230 453 1291 καὶ
476 1229 508 1291 τὸ
532 1229 649 1307 ἀμύνειν
675 1228 826 1312 ἀλλήλοισι
849 1231 896 1292 καὶ
923 1229 1002 1296 τοὺς
1029 1231 1200 1313 πολιήτας
1228 1233 1310 1310 ὁμο-

84 1341 192 1411 νόους
214 1341 378 1404 εἶναικαὶ
401 1341 475 1404 ἄλλα
498 1343 607 1424 ἀγαθοί,
632 1341 709 1404 ἅσσα
732 1341 827 1408 οὐδεὶς
852 1340 885 1404 ἂν
909 1341 1023 1404 δύναιτο
1046 1342 1209 1410 καταλέξαι.
1254 1344 1312 1406 His

84 1455 190 1518 verbis
213 1454 292 1518 nihil
318 1454 386 1538 plus
409 1454 448 1517 ad
472 1454 669 1518 concordiam
693 1454 866 1537 augendam
890 1454 993 1517 valere
1015 1454 1212 1518 Democritus
1236 1455 1313 1520 dicit

85 1589 182 1650 quam
207 1566 238 1630 id
262 1568 377 1650 ipsum,
401 1566 483 1649 quod
506 1567 668 1652 Antiphon
698 1566 880 1631 hominihus
909 1567 1086 1631 faciendum
1114 1588 1178 1631 esse
1207 1568 1313 1632 fabula

85 1681 188 1745 docet.
247 1681 447 1762 Quamquam
476 1680 526 1744 hio
553 1701 615 1743 non
642 1689 706 1742 tam
736 1680 964 1744 humanitatem
994 1680 1166 1764 respexisse
1189 1680 1313 1744 videtur

85 1814 182 1877 quam
211 1791 394 1856 utilitatem.
440 1791 501 1856 Sed
535 1793 632 1856 etiam
666 1792 751 1855 aliud
787 1800 1003 1875 argumentum
1041 1794 1214 1874 afferamus,
1251 1813 1312 1876 quo

84 1905 340 1988 interpretationi
364 1912 488 1968 nostrae
511 1905 660 1969 maiorem
685 1904 776 1968 iidem
801 1904 962 1967 addamus.
1009 1905 1117 1988 Neque
1138 1905 1221 1967 enim
1245 1905 1312 1988 ipse

85 2016 250 2101 Antiphon
272 2017 411 2080 fabulam
437 2018 537 2098 finxit,
561 2016 615 2080 sod
644 2015 794 2080 traditam
816 2016 862 2080 ita
884 2017 1030 2090 mutavit,
1057 2027 1091 2080 ut
1114 2017 1311 2101 propositum

86 2135 315 2213 assequeretur.
360 2128 470 2192 Exstat
504 2130 589 2194 enirn
624 2129 731 2192 eadem
767 2130 839 2210 fere,
874 2149 954 2211 quae
991 2141 1120 2193 vocatur
1149 2129 1312 2214 Aesopica,

86 2241 189 2305 multo
217 2262 292 2304 sano
321 2241 488 2325 posteriore
516 2248 619 2304 aetate
648 2241 749 2304 verbis
777 2250 916 2325 excepta,
945 2262 1039 2324 quam
1067 2241 1095 2303 si
1123 2263 1194 2304 cum
1221 2243 1313 2305 Anti-

88 2352 216 2436 phontis
250 2354 429 2416 narratione
464 2352 697 2433 contulerimus,
732 2352 807 2436 quid
842 2352 897 2416 ille
924 2352 1090 2434 addiderit,
1118 2351 1312 2435 elucebit²⁵).

40 2481 46 2492 ·
88 2465 243 2528 Narratur
265 2465 360 2547 igitur
376 2485 504 2528 avarum
523 2464 679 2547 quendam
696 2486 729 2529 re
744 2485 802 2528 sua
817 2464 849 2527 in
867 2466 1031 2549 pecuniam
1048 2466 1175 2529 redacta
1189 2464 1313 2547 glebam

87 2576 156 2639 auri
180 2595 315 2659 parasse,
339 2594 432 2657 quam
451 2575 614 2653 defossam,
630 2575 688 2638 etsi
703 2575 757 2638 ille
772 2575 886 2640 cotidie
902 2576 1122 2655 observaverit,
1136 2577 1313 2658 operarium

87 2687 227 2770 aliquem
261 2687 456 2772 surripuisse.
508 2688 585 2750 Cum
619 2695 724 2750 autem
758 2687 812 2752 ille
846 2687 1045 2751 vehementer
1078 2687 1313 2768 lamentaretur,

87 2797 289 2863 admonuisse
318 2821 388 2864 eum
418 2801 586 2883 quendam:
624 2801 691 2862 ἰδὼν
726 2799 758 2862 δέ
791 2823 834 2867 τις
860 2798 948 2862 αὐτὸν
981 2800 1205 2881 inspectatore
1234 2799 1312 2880 (lla

88 2912 321 2994 ὀλοφυρόμενον)
345 2915 392 2974 καί
415 2913 467 2995 τὴν
491 2912 582 2975 αἰτίαν
607 2913 722 2993 μαθών,
746 2910 804 2994 ἔφη
821 2916 892 2994 πρὸς
915 2911 1016 2974 αὐτόν·
1036 2910 1094 2994 ζμὴ
1114 2915 1220 2992 λυποῦ,
1238 2913 1314 2973 ἀλλὰ

87 3016 188 3098 λαβὼν
211 3014 292 3077 λίθον
315 3017 345 3078 ἐν
369 3021 410 3098 τῷ
436 3015 515 3100 αὐτῷ
539 3015 621 3098 τόπῳ
645 3017 782 3090 κατάθες,
806 3018 854 3078 καὶ
878 3014 977 3094 νόμιζε
992 3017 1025 3078 τὸ
1041 3016 1164 3100 χρυσίον
1181 3015 1311 3078 κεῖσθαι·

87 3127 157 3190 οὐδὲ
180 3128 245 3210 γάρ,
269 3126 318 3190 ὅτε
340 3127 386 3212 ἦν,
410 3127 491 3212 ἐχρῶ
516 3127 614 3210 αὐτῷῖ
676 3128 759 3192 Haec
788 3148 858 3190 vero
887 3148 985 3210 paene
1013 3128 1051 3191 ad
1081 3128 1213 3191 verbum
1241 3147 1313 3190 con-

88 3247 207 3321 gruunt
241 3262 312 3304 cum
339 3241 389 3319 iis,
423 3262 503 3324 quae
536 3240 590 3304 ille
625 3240 708 3325 apud
739 3239 968 3322 Antiphontem
1000 3239 1089 3303 dicit:
1126 3239 1141 3302 'o
1171 3238 1197 3301 δ’
1226 3239 1313 3302 αὐτὸν

88 3352 208 3415 ἐκέλευε
236 3352 278 3434 μὴ
307 3352 476 3435 φροντίζειν,
505 3352 578 3414 ἀλλὰ
607 3353 730 3433 νομίζειν
759 3352 840 3435 αὐτῷ
872 3351 945 3414 εἶναι
973 3353 1020 3414 καί
1050 3353 1089 3434 μὴ
1119 3352 1313 3432 ἀπολωλέναι,

90 3464 293 3546 καταθέμενον
316 3465 399 3528 λίθον
423 3466 464 3533 είς
486 3466 518 3527 τὸ
542 3465 613 3526 αὐτὸ
636 3465 760 3548 χωρίον·
782 3457 914 3532 ’παντως
945 3465 1000 3547 ‘scip
1026 3463 1088 3526 οὐδ’
1123 3463 1171 3526 ὅτε
1199 3463 1235 3549 ἢν
1258 3485 1315 3539 σοι,

88 3577 172 3662 ἐχρῶ
196 3575 291 3659 αὐτῷ,
315 3574 385 3639 ὅθεν
408 3577 483 3660 μηδὲ
506 3581 556 3638 νῦν
579 3575 677 3655 νόμιζε
702 3575 855 3658 στέρεσθαι
871 3575 1016 3659 μηδενός.’
1074 3575 1134 3640 Sed
1151 3576 1314 3660 Antiphon

88 3689 249 3753 hominem
278 3709 407 3752 ararum
436 3709 498 3752 non
526 3709 637 3752 aurum
666 3688 817 3752 defodisse
845 3696 960 3769 narrat,
993 3687 1049 3751 sed
1082 3709 1227 3771 magnam
1262 3710 1315 3773 pe·

88 3801 217 3866 cuniam
247 3801 348 3864 nescio
376 3822 437 3884 quo
465 3800 531 3864 loco
560 3800 748 3884 deposuisse.
794 3800 888 3864 Deest
915 3801 948 3863 in
975 3800 1083 3864 fabula
1108 3802 1261 3885 Aesopica
1287 3801 1315 3865 is

89 3913 143 3998 qui
172 3913 212 3976 ab
241 3911 338 3976 altero
373 3919 470 3996 petat,
504 3922 539 3975 ut
566 3912 731 3996 pecuniam
758 3912 819 3976 sibi
846 3913 899 3976 det
929 3914 1044 3976 sonore.
1094 3913 1180 3976 Idem
1208 3921 1314 3978 autem

90 4025 175 4110 apud
205 4024 431 4108 Antiphontem
458 4025 548 4088 illum
578 4024 756 4108 alloquitur.
803 4025 881 4088 Cum
907 4025 1003 4108 igitur
1029 4024 1136 4089 fabula
1162 4026 1316 4109 Aesopica

91 4136 171 4202 nihil
200 4135 287 4200 uliud
315 4136 423 4202 doceat
449 4136 510 4200 nisi
541 4137 612 4200 hoc:
643 4136 685 4199 ὅτι
713 4135 797 4200 οὐδέν
825 4137 901 4200 ἐστιν
928 4138 947 4219 ἡ
974 4141 1111 4226 aripert,
1139 4137 1190 4199 ἐὰν
1219 4138 1260 4219 μὴ
1295 4139 1315 4220 ἡ

180 4309 215 4378 ²⁴)
236 4308 391 4364 Gemeiosion
410 4309 538 4376 Gomperz
558 4309 574 4361 l.
589 4325 610 4362 c.
630 4325 656 4376 p.
669 4308 730 4362 350.

184 4398 217 4461 ²⁵)
239 4398 269 4450 ln
284 4397 381 4450 Halmii
395 4397 511 4450 editione
530 4397 621 4450 eadem
639 4397 730 4450 tabula
743 4397 821 4450 etiam
836 4398 913 4450 aliter
926 4403 1033 4450 narrata
1046 4401 1087 4450 ert
1104 4398 1166 4462 (412
1180 4402 1207 4451 ct
1218 4399 1271 4450 412
1280 4399 1305 4462 b)

89 4490 167 4551 Quae
186 4487 356 4540 narrationes
376 4502 434 4538 curn
454 4501 507 4538 non
521 4486 618 4554 verbis,
636 4485 757 4539 atrebas
771 4492 928 4554 congruant,
947 4487 1057 4539 alteram
1070 4485 1146 4538 trau
1164 4501 1305 4554 sequemur
