3128 5124
748 371 963 438 ..38-

244 546 404 632 scripsisse
427 545 562 611 traditur
585 545 716 628 (cttlic.
734 543 925 625 Tuscldtl,
943 543 1029 626 116).
1075 544 1137 610 Sed
1159 545 1333 630 Antiphon,
1356 565 1481 628 quam·

242 657 291 722 vis
317 657 403 720 mala
429 657 567 722 humana
593 677 655 722 non
682 657 849 740 ignoraret,
877 663 982 720 tamen
1014 655 1111 720 vitam
1140 655 1216 721 adeo
1244 677 1307 722 non
1341 655 1484 720 deflevit
1540 737 1541 742 γ

243 788 300 832 nec
327 773 460 831 mortem
486 765 638 848 laudavit,
670 774 705 832 ut
738 767 770 830 io
805 765 969 831 concordia
994 765 1128 830 salutem
1157 776 1286 850 poneret
1313 766 1406 846 item,
1442 773 1481 830 ut
1540 757 1541 822 l

242 877 440 942 Democritus
467 876 500 942 in
527 875 756 962 tranquillitate
789 875 897 956 animi,
925 876 958 941 id
984 875 1068 962 quod
1101 896 1196 962 supra
1229 874 1482 962 explicavimus.

244 988 308 1052 Neo
330 987 357 1051 si
380 987 409 1051 ei
432 1007 576 1052 assensus
600 995 655 1067 est,
680 987 734 1071 qui
757 987 847 1067 dixit,
871 989 913 1055 ῶς
934 986 970 1050 τὰ
992 988 1113 1072 χείρονα
1135 987 1227 1050 πλείω
1243 989 1390 1072 βροτοῖσίν
1410 987 1480 1050 ἐστι
1540 1063 1541 1066 ¹

242 1101 301 1161 τῶν
325 1097 486 1179 ἀμεινόνων
509 1096 596 1176 (Ευτ.
621 1097 717 1182 Supp.
743 1097 871 1180 196sq.)
880 1095 931 1180 ⁸⁹),
955 1098 1106 1181 sequitur,
1131 1105 1166 1161 ut
1189 1097 1227 1162 de
1244 1099 1309 1163 vita
1325 1097 1355 1162 ei
1370 1099 1480 1162 fuerit

244 1207 483 1293 desperandum.
520 1207 581 1272 Sed
598 1207 702 1293 potius
718 1208 797 1272 hanc
810 1207 963 1272 rationem
976 1207 1119 1291 probavit
1131 1206 1219 1290 (Eur.
1232 1209 1307 1272 Ant.
1321 1209 1358 1273 ir.
1373 1208 1480 1292 196);
1540 1237 1541 1252 2

242 1318 357 1383 τοιόσδε
384 1319 501 1402 θνητῶν
530 1324 588 1382 τῶν
617 1321 809 1402 ταλαιπώρων
838 1319 912 1402 βίος·
940 1316 1002 1381 οὔτ’
1028 1317 1148 1404 εὐτυχεῖ
1176 1319 1210 1382 τό
1245 1320 1367 1401 πάμπαν
1403 1317 1481 1381 οὔτε
1540 1359 1541 1376 t

244 1431 402 1514 δυστυχεῖ·
431 1430 459 1492 τί
485 1427 549 1512 δῆτ’
578 1428 608 1491 ἐν
637 1427 717 1515 όλβιμ
747 1430 787 1511 μὴ
812 1434 901 1513 σαφεῖ
927 1428 1085 1512 βεβηκότες
1107 1428 1142 1492 οὐ
1163 1433 1260 1512 ζῶμεν
1289 1433 1331 1498 ῶς
1361 1430 1480 1512 ἥδιστα

245 1542 291 1624 μὴ
307 1541 541 1621 λυπούμενοι;
565 1539 653 1604 Idem
670 1540 760 1604 docet
775 1539 937 1625 Euripides
953 1538 1015 1604 alio
1032 1539 1098 1603 loco
1115 1561 1170 1623 per
1184 1539 1476 1624 Amphitruonem

244 1651 347 1728 (Herc.
371 1649 541 1734 503sqq.):
572 1650 661 1733 μικρά
689 1651 740 1732 μὲν
767 1649 803 1713 τά
830 1653 882 1713 τοῦ
913 1651 976 1734 βίου
1003 1649 1058 1730 (cl.
1086 1651 1159 1714 Ant.
1187 1651 1224 1714 fr.
1241 1649 1309 1733 51).
1366 1655 1480 1713 τοῦτον

244 1762 270 1826 δ’
294 1761 374 1832 όπυς
396 1763 502 1846 ἥδιστα
524 1764 726 1845 διαπεράσετε,
760 1762 790 1832 ἐξ
823 1762 937 1846 ἡμέρας
967 1763 1010 1831 εἰς
1042 1761 1131 1826 νόκτα
1158 1763 1203 1845 μὴ
1237 1762 1477 1846 λυπούμενοι.
1540 1807 1541 1812 1

244 1876 286 1942 ῶς
307 1872 425 1941 ἐλπίδας
448 1873 499 1953 μὲν
523 1873 539 1935 ό
562 1872 669 1958 χρόνος
692 1873 745 1936 οὐκ
768 1873 917 1937 ἐπίσταται
940 1869 1057 1956 σῴζειν,
1081 1873 1113 1936 τδ
1136 1872 1162 1936 δ’
1187 1873 1276 1937 αὑτοῦ
1299 1875 1480 1942 σπουδάσας

244 1983 389 2046 διέπτατο.
436 1983 491 2046 His
511 1982 588 2048 locis
610 2004 768 2049 summum
793 1984 910 2048 bonum
931 1983 965 2046 in
987 1983 1155 2048 securitate
1178 1983 1313 2068 quadam
1329 1984 1478 2069 ponitur,
1540 1957 1541 2030 l

246 2113 325 2176 quae
355 2113 450 2177 prope
477 2093 598 2157 accedit
625 2094 665 2158 ad
691 2092 909 2176 Democriti⁹⁰)
933 2095 969 2158 fr.
989 2092 1064 2158 189:
1099 2091 1214 2176 ἄριστον
1242 2094 1395 2178 ἀνθρώπῳ
1424 2096 1478 2157 τὸν

245 2204 305 2287 βίον
330 2205 435 2284 διάγειν
460 2207 501 2272 ὡς
523 2207 646 2267 πλεῖστα
669 2203 866 2287 εὐδυμηδέντι
888 2206 935 2268 καὶ
960 2203 1103 2289 ἐλάχιστα
1126 2204 1284 2288 ἀνιηδέντι.
1330 2208 1421 2268 τοῦτο
1446 2202 1476 2267 δ’
1540 2271 1541 2278 γ

245 2313 279 2377 ἀν
302 2312 359 2398 εἴη,
382 2314 464 2384 εἴτις
489 2316 530 2397 μὴ
553 2314 602 2377 ἐπὶ
624 2320 684 2384 τοῖς
706 2315 839 2399 θνητοῖσι
861 2315 912 2384 rol<
934 2315 1042 2399 ἡδονὰς
1069 2320 1191 2378 ποιοῖτο.
1237 2315 1318 2379 Nam
1346 2314 1402 2380 ille
1433 2315 1476 2378 ab
1540 2347 1541 2358 ι

244 2446 280 2489 eo
303 2425 519 2510 proficiscitur,
547 2425 629 2510 quod
659 2425 795 2491 dolorem
819 2425 1013 2508 fugiendum,
1040 2416 1234 2509 voluptatem
1259 2426 1474 2509 expetendam

246 2555 311 2599 esse
334 2535 422 2600 docet
444 2534 495 2617 (fr.
517 2535 547 2599 4.
572 2535 702 2600 Vorsolr.
733 2534 768 2598 1²
795 2557 825 2620 p.
850 2535 922 2616 386,
939 2536 1010 2618 24):
1045 2535 1143 2620 τέρψις
1175 2536 1229 2618 γὰρ
1264 2537 1312 2600 καὶ
1345 2535 1475 2620 &reputa

246 2643 331 2729 οὖρος
353 2644 423 2727 <ror
459 2647 619 2729 συμφόρων
654 2647 702 2709 καὶ
736 2649 794 2707 τῶν
829 2645 1023 2730 ἀσυμφόρων)
1050 2646 1104 2728 (cf.
1128 2647 1164 2710 fr.
1184 2645 1269 2727 188).
1316 2646 1478 2710 Similiter

245 2757 475 2842 Antiphontem
503 2757 635 2822 sensisse
663 2779 701 2822 ex
729 2758 765 2821 fr.
785 2758 828 2822 49
856 2765 994 2843 apparet.
1055 2759 1097 2823 Ut
1124 2758 1220 2842 igitur
1242 2759 1409 2843 Euripides
1433 2758 1475 2821 ab

244 2868 428 2934 infirmitate
456 2867 540 2934 vitae
567 2869 722 2953 profectus
755 2889 827 2933 eum
856 2869 1035 2933 beatissime
1063 2868 1167 2933 vivere
1182 2869 1282 2949 dicit,
1306 2869 1361 2953 qui
1382 2889 1474 2954 spem
1540 2909 1541 2926 r

245 3001 334 3044 suam
368 2981 401 3044 in
435 2980 550 3045 futuris
583 3002 647 3046 non
681 2990 787 3064 ponat,
822 2982 866 3045 sic
900 2981 1073 3065 Antiphon,
1102 3003 1172 3045 cum
1200 2981 1340 3045 humana
1363 2981 1477 3046 omnia

246 3093 362 3158 caduca
390 3094 461 3176 sint,
498 3100 614 3174 monet,
643 3100 677 3157 ut
703 3093 921 3177 praesentibus
943 3095 1036 3157 rebus
1060 3094 1200 3158 homines
1223 3101 1305 3158 recte
1328 3101 1475 3172 utantur,

246 3226 415 3289 eorumque
459 3205 629 3270 stultitiam
674 3206 833 3289 vituperat
876 3206 929 3288 (cf.
974 3207 1012 3270 fr.
1050 3205 1101 3270 53.
1132 3205 1203 3269 osa.
1232 3205 1304 3288 54),
1335 3227 1473 3290 quorum

245 3317 321 3398 vita,
349 3327 384 3382 ut
415 3318 540 3403 Epicuri
566 3317 662 3382 verba
690 3318 827 3397 afferam,
862 3325 928 3383 tota
954 3317 988 3382 in
1016 3319 1157 3383 futurum
1184 3319 1282 3382 lentum
1307 3317 1361 3400 (cl.
1382 3317 1472 3403 Epic.

245 3431 457 3512 sr.491Us.).

332 3544 402 3607 Huc
428 3542 564 3626 pertinet
591 3544 627 3607 fu.
644 3542 700 3606 50:
730 3544 762 3605 rh
786 3547 839 3626 ζῆν
863 3540 938 3604 ἔοικε
962 3547 1075 3627 φρουρᾷ
1098 3542 1240 3627 ἑφημέριμ
1263 3545 1296 3606 τό
1318 3567 1351 3606 τε
1375 3549 1472 3626 μῆκος

246 3658 297 3717 τοῦ
326 3655 389 3740 βίου
417 3656 515 3738 ἡμέρᾳ
543 3659 594 3739 μιᾷ
606 3653 631 3732 †,
661 3657 701 3723 ῶς
736 3654 806 3723 ἔπος
829 3656 913 3728 cleia,
942 3656 978 3738 ἣν
1006 3654 1219 3738 ἀναβλέψαντες
1246 3656 1317 3738 πρδς
1345 3656 1378 3718 τὸ
1406 3661 1476 3738 φῶς
1538 3687 1541 3698 ι

247 3772 458 3850 παρεγγυῶμεν
482 3772 541 3835 τοῖς
563 3766 790 3850 ἐπιγιγνομένοις
813 3767 931 3850 ἑτέροις.
967 3767 1048 3843 Quid
1072 3767 1158 3831 aliud
1174 3767 1334 3852 Antiphon
1359 3789 1399 3832 ex
1415 3768 1473 3831 hoc

249 3881 369 3945 efficere
393 3880 492 3944 voluit
515 3879 575 3943 uisi
598 3871 707 3944 Horati
730 3880 823 3944 illud:
847 3881 928 3950 vitoe
949 3901 1070 3941 carrarca
1093 3877 1188 3942 breuia
1210 3900 1292 3963 epam
1315 3889 1474 3943 μουσείου
1540 3911 1541 3920 ι

247 3993 391 4056 incohare
423 3993 568 4076 lorcyum?
613 3993 695 4056 Saue
722 3993 789 4056 vita
816 3991 943 4056 stationi
972 3991 1099 4055 similis:
1129 3991 1183 4055 alii
1210 3991 1389 4074 discedunt,
1418 3990 1473 4056 alii

341 4286 373 4354 89)
394 4285 576 4355 Gomperzius,
606 4286 651 4355 qui
677 4286 726 4337 hoc
751 4286 784 4338 ad
802 4287 943 4340 Prodicum
967 4287 1064 4340 reterre
1088 4301 1143 4340 non
1156 4287 1270 4352 dubitat,
1300 4290 1471 4364 controversa
1540 4281 1541 4338 l

250 4376 345 4429 nititur
365 4376 478 4428 Aniochi
497 4374 719 4444 interpretatione
738 4373 766 4440 (l.
782 4389 803 4426 c.
823 4389 849 4441 p.
862 4373 933 4440 344).

338 4463 370 4528 90)
391 4464 426 4517 ci.
446 4464 551 4516 Wilam.
572 4464 605 4517 ad
624 4463 701 4516 Herc.
721 4479 746 4515 ν.
760 4461 821 4515 506.
