3128 5124
594 403 808 494 -354

81 601 162 680 alia,
186 621 266 684 quae
288 599 328 664 ad
350 621 415 664 rem
438 599 595 684 publicam
618 601 806 686 pertineant,
833 609 903 666 tum
929 602 1010 667 hauc
1036 602 1212 668 mirabilem
1240 624 1310 668 sen-

81 713 222 778 tentiam
250 734 268 776 a
294 712 434 797 sophista
461 721 640 778 mutuatum
668 734 736 779 esse
763 714 903 779 coniecit.
961 714 1123 780 Mittamus
1150 736 1196 798 ea,
1229 737 1309 800 quae

83 826 220 911 probare
242 825 328 890 nullo
351 825 442 891 modo
466 824 627 911 potuit²⁸).
684 826 731 890 Ile
753 826 793 892 iis
815 833 941 892 tantum
963 827 1205 912 disputabimus,
1229 849 1309 911 quae
1359 827 1388 889 s

82 945 176 1002 certa
203 936 339 1020 quadam
367 935 575 1002 similitudine
600 937 809 1002 continentur.
866 937 982 1014 Quodsi
1008 937 1079 1016 loci,
1113 958 1189 1022 quos
1216 959 1310 1023 supra

80 1047 413 1128 commemoravimus,
437 1049 476 1113 ab
499 1049 695 1134 Antiphonte
717 1050 864 1135 pendent,
887 1050 1002 1114 librum
1020 1051 1087 1114 eius
1103 1059 1175 1115 ante
1191 1073 1310 1116 annum

80 1160 153 1226 438
180 1161 213 1226 in
240 1161 342 1225 lucem
370 1161 507 1246 prodisse
538 1161 706 1226 dicendum
730 1169 785 1226 est.
830 1162 909 1225 Nam
933 1163 965 1226 in
990 1162 1147 1226 Alcestido
1170 1163 1309 1247 primum

80 1273 211 1338 exsistit
232 1273 321 1352 illud,
345 1273 428 1358 qnod
451 1273 564 1338 deinde
586 1275 619 1337 in
642 1274 812 1360 Hippolyto
835 1274 915 1338 etin
931 1275 966 1338 fr.
984 1273 1047 1340 908
1063 1276 1207 1339 occurrit.
1246 1275 1308 1340 Sed

80 1385 126 1450 ad
151 1407 220 1451 eam
243 1392 432 1450 vetustatem
456 1386 538 1450 huno
560 1386 687 1467 librum,
711 1407 804 1470 quem
826 1387 917 1451 initio
940 1387 1003 1451 lere
1026 1386 1100 1451 belli
1115 1387 1309 1472 Peloponne-

80 1498 165 1562 siaci
191 1497 231 1562 ad
258 1518 381 1581 aegram
415 1519 481 1563 rem
514 1498 674 1593 publicam
707 1498 879 1563 sanandam
901 1499 1129 1584 Antiphontem
1151 1499 1308 1584 scripsisse

82 1611 188 1696 primo
219 1611 321 1694 eapite
348 1610 556 1696 exposuimus,
585 1631 676 1676 nemo
703 1612 821 1692 reiciet,
850 1611 905 1696 qni
931 1631 1106 1676 sermonem
1129 1613 1196 1676 eius
1218 1633 1308 1677 accu-

81 1723 186 1788 ratius
209 1723 447 1788 examinaverit.
492 1724 536 1787 At
559 1731 659 1803 erunt,
684 1723 738 1808 qui
760 1723 934 1808 sophistam
957 1732 1066 1808 poetae
1089 1725 1309 1790 auctoritatem

81 1843 230 1900 secutum
259 1856 323 1900 esse
351 1835 467 1914 dicant,
496 1834 646 1899 utillum
674 1835 801 1901 Medeae
825 1857 854 1900 v.
879 1836 941 1900 235
964 1846 996 1900 et
1016 1836 1178 1922 Sophoclis
1201 1838 1308 1921 Antig.

80 1969 113 2012 v.
131 1948 211 2012 672:
234 1947 375 2032 ἀναρχίας
397 1948 430 2011 δὲ
454 1951 552 2030 μεῖζον
572 1947 626 2011 οὐκ
641 1945 717 2011 ἔστιν
734 1948 823 2011 κακόν
839 1947 872 2012 in
887 1949 924 2012 fr.
941 1949 997 2013 61:
1022 1949 1163 2034 ἀναρχίας
1185 1949 1211 2014 δ’
1224 1948 1309 2013 οὐδὲν

79 2060 187 2144 adaque
211 2060 378 2144 ἀνθρώποις
407 2060 550 2124 imitatus
583 2081 650 2125 esse
683 2059 887 2143 videatur-²⁹).
944 2059 1032 2137 Quod
1065 2061 1208 2146 equidem
1244 2083 1307 2128 non

81 2190 203 2235 recuso.
263 2170 386 2235 Etenim
421 2170 530 2236 eodem
562 2171 654 2235 modo
689 2171 834 2254 Agathou
869 2179 1032 2256 poetarum
1066 2172 1232 2237 sententiis
1270 2172 1310 2237 ad

80 2282 340 2367 amplificandam
374 2282 547 2347 orationem
579 2304 655 2347 usus
682 2289 729 2347 est
755 2283 842 2349 nullo
875 2291 1000 2348 anctore
1023 2282 1160 2349 indicato
1182 2285 1236 2367 (cl.
1261 2284 1307 2349 Pl.

80 2395 196 2478 Symp.
221 2394 304 2460 1940
327 2395 419 2478 sqq).
464 2395 525 2460 Sed
549 2402 655 2460 tamen
678 2396 783 2460 nescio
808 2417 848 2460 au
871 2395 998 2482 Hippol.
1015 2417 1043 2460 v.
1060 2396 1196 2481 ibisqq.
1219 2396 1307 2461 simi·

81 2507 193 2591 lesqua
215 2515 247 2570 et
268 2507 318 2571 hic
340 2507 545 2593 Antiphontis
565 2507 652 2572 locus
675 2529 713 2572 ex
736 2509 845 2572 eadem
867 2517 1011 2573 veterum
1026 2509 1217 2594 sapientium
1233 2530 1308 2574 voce

81 2618 252 2703 pendeant.
286 2619 365 2683 Nam
389 2619 423 2684 in
446 2619 540 2704 Hipp.
563 2640 592 2684 ν.
617 2619 755 2685 ace-257
779 2620 943 2704 Euripides
965 2620 1048 2684 idem
1072 2621 1151 2685 illud
1174 2621 1306 2704 Biantis,

80 2730 169 2814 quod
191 2730 352 2816 Sophoclis
375 2732 456 2796 Aiax
479 2753 509 2797 ν.
532 2731 591 2796 611
607 2753 674 2816 sqq.
702 2733 820 2814 laudat,
848 2753 930 2797 nova
958 2733 1094 2817 quadam
1123 2739 1154 2798 et
1183 2734 1309 2819 propria

81 2844 184 2907 lorma
208 2843 368 2928 expressit.
413 2845 554 2921 Quocum
581 2844 630 2908 hio
659 2845 785 2929 quidem
812 2845 979 2909 coniuncta
1006 2853 1054 2909 est
1076 2867 1113 2908 ea
1141 2847 1305 2922 sententia,

80 2976 166 3038 quae
199 2955 320 3020 duobus
353 2956 423 3020 aliis
449 2956 526 3022 locis
553 2956 618 3021 sola
645 2963 748 3020 exstat
772 2956 818 3039 (v.
840 2955 1007 3038 noa-260).
1053 2956 1234 3040 Sequuntur
1256 2979 1307 3023 vv.

79 3068 237 3148 acl-265,
260 3067 374 3152 quibus
397 3068 539 3150 vulgares
561 3068 732 3133 sententias
754 3068 843 3132 reddi
865 3069 932 3152 ipso
955 3068 1112 3132 indicatur
1127 3069 1222 3133 verbo
1234 3071 1309 3147 φασί

78 3181 126 3262 (ν.
143 3179 223 3259 282)
246 3187 277 3244 et
298 3180 426 3244 laudato
449 3181 503 3245 illo
528 3182 618 3264 μηδὲν
641 3181 712 3263 ἄγαν
730 3179 775 3266 (ν.
793 3180 881 3263 265).
927 3182 1028 3257 Quare
1044 3181 1184 3246 conicere
1199 3181 1308 3247 licebit

79 3292 173 3357 illam
195 3293 385 3357 sententiam
407 3294 508 3377 ipsam
531 3314 654 3378 quoque
677 3317 695 3358 a
718 3300 821 3358 vetere
845 3293 949 3358 nescio
973 3313 1033 3378 quo
1056 3294 1198 3378 sapiente
1221 3315 1307 3379 repe·
1375 3289 1390 3380 ’ᾖ

79 3406 176 3468 titam
200 3424 274 3468 osso.
320 3405 498 3489 Utcumque
522 3413 627 3470 autem
650 3405 726 3470 haec
748 3427 797 3470 res
813 3405 965 3487 sehabet,
982 3406 1308 3471 maximecavendum

77 3537 148 3582 esse
172 3516 251 3580 mihi
273 3515 406 3596 videtur,
430 3538 470 3582 ne
492 3517 562 3601 quis
585 3525 702 3584 temere
718 3539 764 3601 aa,
782 3539 861 3602 quae
877 3518 1017 3584 omnium
1034 3519 1213 3582 communia
1228 3519 1307 3601 sint,

75 3626 214 3712 singulis
248 3629 409 3693 attribuat.
475 3629 585 3694 Nonne
621 3631 737 3696 mirum
762 3638 810 3694 est
841 3629 1004 3694 Nestleum
1031 3627 1181 3713 dicere⁸⁰)
1213 3631 1303 3696 Euri-

173 3799 208 3867 ⁷⁸)
227 3799 260 3853 cl.
279 3800 321 3852 Kl.
342 3799 415 3853 Schr.
434 3800 451 3852 l.
465 3816 487 3852 c.
508 3817 533 3868 p.
550 3800 599 3854 165
618 3801 683 3866 (14).
706 3800 755 3853 172
774 3799 841 3866 (20).
862 3800 913 3853 178
933 3799 990 3867 (25)
1014 3799 1075 3853 adn.
1092 3801 1114 3853 1.
1156 3801 1188 3854 ln
1212 3801 1300 3856 Prola-

77 3891 205 3958 gomenis
224 3889 258 3942 ad
276 3888 396 3942 Platonis
416 3889 508 3956 Remp.
529 3887 621 3954 (1891)
639 3889 788 3956 pugnantia
806 3904 865 3941 cum
885 3887 918 3940 iis
938 3889 1047 3955 profert,
1067 3904 1136 3956 quae
1154 3888 1183 3941 in
1203 3890 1304 3944 Acade·

78 3978 158 4030 micis
178 3975 270 4042 (1889)
291 3977 424 4045 exposuit,
442 3977 489 4029 ubi
502 3976 618 4030 Calliclis
631 3977 689 4030 loco
703 3975 897 4045 Antiphontem
910 3977 1011 4030 habuit.
1049 3977 1125 4030 Nunc
1144 3977 1178 4030 ol.
1197 3994 1223 4046 p.
1238 3977 1301 4032 226:

79 4067 150 4132 ,Die
175 4063 364 4134 Verlrriudiger
390 4065 438 4118 der
468 4065 642 4135 friadseligan
669 4065 919 4130 Hardautiormoral,
952 4064 999 4118 der
1030 4065 1163 4134 goldenen
1196 4065 1301 4133 ὁμόνοια

77 4154 207 4208 machten
222 4153 286 4221 jada
305 4153 405 4206 Kultur
422 4153 588 4222 unmdglioh;
614 4152 658 4205 dia
676 4153 889 4206 Raubtiermorsl
913 4152 961 4207 des
980 4153 1111 4206 Kallilrlas
1132 4152 1220 4208 frihrte
1240 4172 1299 4209 zum

77 4239 313 4296 sohrsnlreulosan
331 4240 595 4294 Indiuidualismus.“

173 4327 209 4395 ⁷⁹)
228 4327 267 4382 No
287 4329 398 4382 Dialesii
420 4330 519 4382 scrinia
542 4345 583 4382 me
606 4327 763 4396 compilasse
787 4329 888 4394 credas,
917 4327 1019 4382 similes
1043 4328 1093 4382 hos
1116 4327 1190 4382 locos
1214 4331 1305 4384 notari

13 4413 18 4438 '
81 4421 134 4473 iam
156 4415 252 4484 multo,
269 4424 413 4486 antequam
433 4418 517 4472 altera
535 4419 593 4472 eius
612 4416 674 4470 libri
694 4416 776 4470 aditio
794 4417 824 4470 in
841 4417 928 4471 lucam
947 4415 1056 4485 prodiit

174 4504 209 4574 ⁸⁰)
229 4505 247 4558 1.
266 4521 287 4560 c.
307 4523 333 4575 p.
346 4505 408 4560 250.

1114 4591 1153 4645 31

463 4672 473 4708 ν
