3128 5124
768 385 979 450 -18-

262 561 367 626 1320·
391 557 463 640 32):
488 557 564 620 ἀλλά
587 557 633 620 δεῖ
653 557 703 619 τόν
736 557 886 642 ἀληθινῶς
915 558 1072 640 δημοτικὸν
1100 558 1171 640 όρᾶν
1199 555 1281 626 όπως
1303 558 1335 620 τδ
1366 558 1490 640 πλῆθος

262 674 303 756 μὴ
331 672 394 735 λίαν
418 670 526 754 ἄπορον
550 665 582 752 ᾖ,
605 672 690 732 τοῦτο
713 667 768 752 γὰρ
790 667 881 732 αἴτιον
904 673 956 732 τοῦ
974 669 1131 754 μοχθηρὰν
1158 669 1306 753 εἶναιτὴν
1336 672 1490 754 δημοκρα-

261 786 332 849 τίαν.
377 782 551 868 τεχναστέον
575 780 625 846 οόν
649 783 730 851 ὅπως
753 781 787 844 ἀν
810 782 931 866 εὐπορία
954 783 1058 865 γίνοιτο
1074 781 1199 867 χρόνιος.
1246 783 1310 846 ἐπεὶ
1333 785 1367 846 δὲ
1395 803 1492 864 συμ-

261 897 361 982 φέρει
383 900 469 959 τοῦτο
492 897 542 959 καλ
563 900 624 962 τοῖς
650 894 796 978 εὐπόροις,
825 894 860 957 τά
889 895 941 975 μὲν
976 896 1034 958 ἀπδ
1069 900 1127 958 τῶν
1162 895 1315 980 προσόδων
1346 894 1491 978 γινόμενα

261 1009 502 1094 συναθροίζοντας
524 1007 621 1091 ἀθρόα
636 1008 695 1091 χρὴ
714 1005 857 1086 διανέμειν
874 1013 933 1076 τοῖς
956 1007 1087 1092 ἀπόροις,
1112 1009 1238 1087 μάλιστα
1261 1009 1314 1090 μὲν
1335 1007 1419 1076 εἴτις
1435 1009 1489 1071 δό-

260 1145 342 1186 ναται
365 1126 501 1186 τοσοῦτον
525 1121 722 1204 συναθροίζων
747 1119 815 1182 ὅσον
843 1122 885 1188 είς
909 1121 1011 1204 γηδίου
1046 1125 1158 1204 κτῆσιν,
1192 1122 1218 1184 εί
1252 1123 1285 1184 δὲ
1319 1123 1372 1204 μή,
1407 1122 1488 1205 πρὸς

262 1235 427 1320 ἀφορμὴν
455 1233 595 1317 ἐμπορίας
624 1235 673 1296 καὶ
699 1233 840 1316 γεωργίας
866 1236 927 1296 κτλ.
986 1233 1073 1298 Idem
1101 1234 1260 1299 communi
1287 1255 1393 1298 rerum
1426 1255 1490 1297 usu

261 1351 427 1431 fructuque
444 1347 533 1429 effici,
557 1353 593 1410 ut
609 1346 691 1409 cives
708 1344 926 1409 benevolentia
940 1346 1022 1412 inter
1037 1367 1069 1410 se
1085 1345 1244 1410 coniuncti
1260 1351 1374 1427 essent,
1398 1355 1491 1410 ratus

262 1460 449 1526 Tarentinos
476 1458 646 1522 imitandos
677 1460 855 1542 proposuit:
899 1458 1006 1522 ἐκεῖνοι
1036 1458 1092 1542 γὰρ
1126 1458 1226 1522 κοινὰ
1260 1463 1412 1527 ποιοῦντες
1445 1460 1491 1521 τὰ

263 1575 431 1658 κτήματα
458 1577 519 1640 τοῖς
549 1571 671 1654 ἀπόροις
700 1570 758 1633 ἐπὶ
786 1572 847 1654 τὴν
875 1576 1001 1656 χρῆσιν
1033 1569 1132 1634 εὔνουν
1165 1575 1420 1655 παρασκευάζουσι
1453 1573 1490 1634 τὸ

262 1689 376 1769 πλῆθος
398 1686 478 1769 (Pol.
505 1683 531 1750 Η
553 1686 583 1749 5.
609 1681 712 1750 1320b
732 1685 777 1766 9).
827 1686 932 1768 Atque
959 1686 1054 1749 etiam
1079 1706 1128 1766 aa,
1157 1706 1252 1769 quam
1281 1685 1491 1750 Lacedaemo-

264 1801 308 1864 nii
338 1799 419 1864 inter
446 1820 479 1864 se
507 1798 665 1862 habebant
692 1798 961 1875 communitatem,
989 1797 1170 1883 philosopho
1198 1797 1365 1862 videbatur
1392 1819 1490 1882 expe-

264 1912 360 1976 tenda
376 1911 440 1975 Pol.
464 1911 490 1974 B
514 1911 543 1973 5.
590 1911 694 1975 1263ει
715 1911 785 1994 33):
816 1911 908 1973 ἰδίαν
931 1912 986 1993 γὰρ
1014 1910 1135 1976 ἕκαστος
1163 1911 1225 1991 τὴν
1253 1913 1376 1992 κτῆσιν
1405 1908 1490 1994 ἔχων

263 2026 299 2088 τὰ
323 2026 374 2105 μὲί
398 2022 558 2109 χρήσιμα
580 2028 660 2086 ποιεῖ
680 2029 740 2092 τοῖς
762 2024 870 2106 φιλοις,
895 2028 954 2089 τοῖς
977 2026 1009 2085 δε
1036 2027 1167 2106 χρῆται
1194 2027 1331 2092 κοινοῖς
1357 2025 1418 2085 κτλ.
1445 2060 1490 2069 -

264 2136 349 2200 CM
373 2139 422 2201 10.
441 2133 549 2200 13291)
576 2138 632 2200 41:
656 2135 723 2199 οὐτε
746 2137 844 2219 κοινήν
868 2159 962 2218 φαμεν
986 2139 1043 2198 δεῖν
1067 2135 1140 2197 εἶναι
1156 2136 1208 2218 τὴν
1224 2141 1359 2218 κτῆσιν,
1383 2137 1490 2219 ὥσπερ

264 2252 338 2316 τινὲς
361 2248 521 2331 εἰρήκασιν,
545 2249 619 2311 ἀλλά
645 2273 682 2331 ιγγ
715 2251 845 2333 χρήσει
872 2252 1022 2332 φιλικῶς
1054 2247 1220 2331 γινομένῃ
1255 2251 1387 2331 κοινήν,
1422 2247 1485 2311 οὔτ’

264 2362 382 2443 ἀπορεῖν
406 2359 514 2424 οὐθένα
537 2366 595 2424 τῶν
619 2363 745 2424 πολιτῶν
773 2366 894 2444 τροφῆς.
925 2397 965 2406 -
994 2358 1074 2425 Bb.
1114 2357 1223 2426 1263b
1248 2362 1282 2423 5:
1312 2360 1394 2425 ἀλλά
1427 2363 1491 2444 μὴν

265 2475 312 2536 καὶ
335 2475 368 2536 τὸ
391 2475 610 2558 χαρίσασθαι
633 2476 681 2537 καὶ
706 2475 893 2558 βοηθῆσαι
916 2474 1010 2557 φίλοις
1032 2475 1050 2557 ἢ
1077 2474 1167 2544 ξένοις
1189 2474 1336 2558 ἢὲτέροις
1351 2476 1487 2557 ἥδιστον·

266 2586 281 2648 δ
304 2585 412 2668 γίνεται
439 2591 493 2668 τῆς
520 2586 652 2668 κτήσεως
680 2587 752 2655 ἰδίας
780 2584 879 2668 οὔσης.
937 2585 997 2649 Sed
1020 2585 1215 2668 Aristoteles,
1243 2587 1366 2651 etiamsi
1393 2608 1490 2650 suum

265 2699 377 2782 cuique
405 2698 565 2783 proprium
593 2698 779 2776 tenendum,
808 2719 900 2762 usum
930 2718 1129 2762 communem
1162 2721 1227 2763 esse
1258 2720 1357 2782 aeque
1390 2709 1490 2782 etque

264 2811 417 2874 Isocrates
441 2818 554 2890 censet,
578 2811 741 2875 tamenin
766 2831 801 2874 eo
834 2818 865 2874 et
898 2811 937 2874 ab
971 2810 1026 2875 illo
1052 2819 1085 2874 et
1118 2833 1136 2875 a
1162 2811 1311 2895 sophistis
1345 2810 1488 2892 dissidet,
1548 2791 1549 2879 λ

264 2923 348 3006 quod
373 2923 536 3007 pecuniam
560 2925 666 2988 fenore
695 2923 762 2987 dari
789 2931 821 2987 et
840 2923 940 3007 accipi
968 2931 1053 2988 vetat
1081 2923 1134 3006 (σί.
1159 2923 1262 2990 Pota
1281 2925 1329 2989 10.
1359 2920 1490 3004 125812).
1536 2905 1538 2912 ’

266 3039 332 3114 Qua
355 3036 388 3099 in
412 3058 444 3100 re
466 3036 630 3100 Platonem
654 3037 796 3120 sequitur
819 3036 874 3119 (ef.
891 3036 962 3119 Leg.
979 3035 1006 3096 V
1024 3036 1180 3115 7420)⁸⁴).

350 3149 400 3212 Ab
424 3148 598 3212 utilitate
622 3157 727 3212 autem
755 3170 793 3212 ne
814 3149 901 3212 Plato
930 3148 1067 3230 quidem,
1100 3170 1290 3233 quemquam
1318 3172 1337 3213 a
1364 3150 1490 3214 iustitia
1547 3171 1548 3213 ι

265 3261 479 3344 proficiscitur,
496 3257 812 3340 omnin01·eeedit⁸⁵).
851 3260 918 3339 Cui,
943 3260 1025 3344 quod
1049 3261 1211 3325 honestum
1230 3270 1286 3341 est,
1308 3262 1391 3326 idem
1409 3263 1489 3327 utile

265 3372 388 3436 videtur
409 3373 462 3455 (ef.
486 3373 562 3455 Rep.
587 3371 685 3451 3391),
709 3372 806 3452 34521,
829 3372 917 3436 atta
939 3373 1010 3456 aq.).
1055 3373 1135 3437 Nam
1160 3373 1313 3458 quidquid
1340 3375 1488 3439 omnibus

264 3484 351 3562 utile,
375 3483 457 3548 idem
481 3485 611 3567 singulis
635 3483 721 3547 utile.
767 3484 843 3567 Ergo
867 3484 961 3548 saluti
986 3485 1129 3569 publicae
1153 3485 1379 3568 providendum
1409 3507 1488 3565 esse,
1546 3471 1547 3547 s

266 3618 328 3679 qua
349 3597 542 3678 singulorum
564 3598 649 3660 salus
672 3595 881 3661 contineatur:
905 3600 1023 3680 κήδοιτο
1046 3596 1078 3660 δέ
1099 3596 1163 3680 γ’ἄν
1185 3622 1225 3666 τις
1242 3600 1367 3679 μάλιστα
1383 3599 1486 3661 τούτου

267 3709 283 3771 ὃ
306 3711 444 3793 τυγχάνοι
466 3712 559 3792 φιλῶν
583 3758 590 3771 .
616 3758 623 3773 .
648 3711 721 3772 ,καὶ
746 3710 803 3792 μὴν
826 3709 911 3772 τοῦτό
934 3707 956 3793 γ’
979 3709 1012 3772 ἀν
1031 3713 1155 3789 μάλιστα
1171 3714 1260 3794 φιλοῖ,
1286 3705 1488 3795 ᾦσυμφέρειν

268 3823 368 3903 ἡγοῖτο
390 3821 426 3884 τὰ
450 3821 524 3885 αὐτὰ
548 3823 597 3885 καὶ
621 3823 717 3905 ἑαυτῷ
741 3823 788 3885 καὶ
812 3823 923 3886 ἐκείνου
953 3824 1004 3905 μὲν
1032 3820 1065 3886 εὖ
1093 3825 1269 3906 πράττοντος
1299 3822 1388 3886 οἴοιτο
1417 3846 1489 3907 συμ-

268 3934 373 4018 βαίνειν
401 3935 449 3997 καὶ
477 3935 574 4018 ἑαυτῷ
607 3933 639 3997 εὖ
673 3937 822 4018 πράττειν,
848 3937 888 4018 μὴ
917 3935 964 4012 δέ,
996 3935 1160 4000 τούναντίον
1191 3937 1282 4020 (Rep.
1310 3936 1409 4015 412d,
1450 3939 1487 4001 cf.

268 4046 339 4129 Lag.
363 4045 474 4128 87522).
519 4047 586 4110 Iam
603 4047 723 4111 Socrati
747 4069 930 4132 persuasum
953 4054 1033 4112 erat:
1057 4049 1166 4112 τούτων
1191 4051 1246 4130 (se.
1271 4056 1329 4112 τῶν
1358 4054 1410 4131 τῆς
1439 4075 1488 4112 πο-

266 4160 356 4241 λεως)
377 4158 432 4241 γάρ
456 4162 554 4228 καλῶς
578 4159 708 4243 ἐχόντων
732 4160 765 4223 οὐ
791 4162 878 4241 μόνον
903 4162 929 4223 οἱ
953 4161 1037 4224 ἄλλοι
1061 4165 1186 4241 πολῖται,
1211 4162 1357 4224 ἀλλὰκαὶ
1390 4163 1417 4224 οἱ
1442 4163 1486 4226 σοὶ

357 4394 388 4462 ³⁴)
409 4397 442 4449 cf.
461 4397 624 4450 Poehlmann
643 4396 660 4448 1.
681 4413 702 4449 c.
722 4414 748 4465 p.
763 4398 823 4450 226.
843 4398 903 4450 229.

357 4484 390 4552 ³⁵)
409 4483 442 4537 cf.
456 4484 550 4550 Zeller‚
566 4485 596 4536 Ι).
608 4483 676 4537 Phil.
691 4484 737 4537 der
751 4485 854 4538 Grieeh.
868 4485 891 4537 II
905 4485 931 4537 1⁴
945 4503 969 4554 ρ.
980 4485 1082 4539 605.-
1092 4487 1256 4542 Poehlmann
1269 4489 1287 4540 l.
1300 4503 1323 4541 c.
1337 4503 1362 4556 p.
1373 4485 1421 4540 381
1430 4503 1489 4556 sqq.
