3128 5124
748 391 962 456 „10-

243 561 289 626 111
312 560 364 642 82,
387 562 432 646 4),
456 583 529 647 opes
552 561 789 647 potentiamque
811 562 950 628 iustitiae
972 562 1133 649 anteponi,
1156 563 1262 629 omnia
1284 565 1324 628 ad
1347 565 1470 632 utilita-

242 681 307 739 tem
333 674 440 738 referri
463 674 516 758 (ci.
540 675 555 737 Ι
580 675 629 756 Ι6,
653 677 673 740 2
699 675 736 738 τὰ
764 675 944 759 ξυμφέρονται
971 675 1151 758 λογιζόμενοι
1179 679 1223 760 rupi
1253 676 1356 762 δικαίῳ
1384 679 1468 764 λόγῳ
1556 687 1557 736 f

242 790 292 849 νῦν
316 787 443 871 χρῆσθε,
468 785 499 849 ὃν
523 785 618 856 οὐδείς
639 811 686 850 πω
713 788 883 874 παρατυχὸν
913 787 992 872 ἰσχύι
1019 811 1045 850 τι
1071 787 1238 870 κτήσασθαι
1265 791 1386 874 προθεὶς
1413 796 1471 855 τοῦ

243 900 285 982 μὴ
309 899 396 963 πλέον
419 897 499 985 ἔχειν
522 899 730 983 ἀπετράπετο).
768 900 876 964 Fidem
899 901 1143 984 societatemque
1167 901 1285 966 civium
1307 923 1379 968 cum
1401 905 1469 988 pie·
1556 897 1557 968 ζ

241 1019 308 1078 tate
331 1012 480 1078 adversus
509 1012 581 1077 deos
608 1012 677 1078 tolli
706 1012 761 1095 (cf.
789 1013 836 1076 ΙΙΙ
863 1011 916 1093 82,
944 1013 965 1077 ὁ
992 1011 1026 1076 ού
1054 1013 1108 1097 γὰρ
1137 1013 1210 1097 μετὰ
1237 1020 1296 1078 τῶν
1324 1015 1471 1099 κειμένων
1556 1003 1557 1030 ³

242 1123 340 1205 νὸμων
364 1125 476 1209 ὠφελίηι
499 1125 529 1188 ui
553 1130 682 1190 τοιαῦται
706 1125 827 1196 ξύνοδοι.
855 1125 930 1188 ἀλλὰ
958 1126 1037 1208 παρὰ
1064 1125 1132 1194 τοὺς
1159 1127 1351 1198 καθεστῶτας
1380 1131 1468 1191 πλεο-

242 1235 330 1322 νεξίην.
375 1239 424 1300 καί
446 1237 498 1306 τὰς
520 1238 550 1308 ἐς
573 1242 650 1321 σφᾶς
671 1237 777 1306 αὐτοὺς
800 1237 909 1305 πίστεις
931 1237 965 1301 οὐ
989 1241 1032 1323 τῷ
1056 1237 1129 1323 ὁείιρ
1152 1240 1235 1323 νόμῳ
1252 1243 1363 1321 μᾶλλον
1383 1241 1469 1323 ἐκρα-
1556 1279 1557 1305 ι

241 1349 359 1416 πένοντο
382 1350 401 1434 ἦ
424 1355 466 1436 τῷ
491 1356 576 1434 κοινηῙ
599 1374 624 1414 τι
655 1349 886 1433 παρανομῆσαι).
932 1349 1028 1414 Nulla
1055 1356 1160 1435 pacta,
1189 1351 1313 1416 nullum
1340 1354 1467 1437 iusiu-
1556 1331 1557 1388 ]

242 1462 373 1528 randum
409 1464 526 1528 servari
559 1462 620 1527 nisi
647 1463 726 1527 utile
752 1463 803 1527 vel
829 1463 1058 1528 necessarium:
1092 1463 1145 1526 οὐκ
1177 1464 1308 1548 ἐχόντων
1339 1465 1469 1528 ἄλλοθεν

243 1575 363 1656 δύναμιν
387 1575 447 1657 (ΙΙΙ
472 1573 524 1655 82,
549 1574 592 1657 i).
638 1575 811 1640 Verborum
835 1575 929 1640 decus
953 1575 1116 1659 praetendi
1132 1576 1275 1640 foeditati
1290 1576 1468 1642 facinorum
1556 1623 1557 1645 ι

243 1687 296 1770 (cf.
321 1687 367 1752 ΙΙΙ
390 1688 441 1768 82,
466 1686 510 1769 8).
557 1687 668 1752 Verbis
691 1708 888 1753 communem
913 1687 1047 1752 salutem
1071 1689 1213 1773 persequi
1237 1689 1289 1771 (cf.
1307 1689 1355 1753 III
1377 1688 1470 1772 82,8
1556 1661 1557 1687 ¹

243 1799 278 1862 τὰ
302 1801 354 1882 μὲν
376 1799 459 1863 κοινὰ
482 1799 561 1883 λόγῳ
585 1799 821 1882 θεραπεύοντες),
845 1799 933 1864 nuila
955 1799 1084 1864 alterius
1100 1801 1220 1866 ratione
1238 1800 1345 1866 habita
1360 1803 1471 1867 omnia
1556 1825 1557 1828 ¹

243 1911 282 1976 ad
305 1932 338 1975 se
360 1933 468 1996 rapere
490 1911 667 1977 commoda:
691 1911 726 1976 οὐ
751 1911 840 1996 μέχρι
862 1915 913 1974 τοῦ
937 1913 1049 1976 δικαίου
1073 1915 1120 1976 καὶ
1143 1917 1187 1995 τῇ
1211 1912 1314 1976 πόλει
1337 1913 1469 1996 ξυμφό-

244 2047 303 2107 ρου
327 2023 540 2108 προστιθέντες,
565 2025 595 2094 ἐς
619 2025 651 2088 δὲ
673 2025 706 2088 rt
730 2024 877 2107 ἑκατέροις
900 2048 955 2087 που
979 2025 1024 2088 ἀεὶ
1052 2027 1183 2110 ἡδονὴν
1212 2024 1283 2110 ἔχον
1311 2027 1466 2111 ὁρίζοντες.

244 2137 375 2200 Causam
403 2144 508 2202 autem
537 2137 677 2202 omnium
705 2137 859 2202 malorum
887 2137 1085 2220 Thucydides
1119 2139 1216 2204 fuisse
1250 2137 1326 2203 dicit
1360 2143 1467 2203 πλεο·
1556 2199 1557 2202 ,

243 2248 355 2318 νεξίαν
383 2250 431 2313 καὶ
459 2249 622 2333 φιλοτιμίαν
649 2248 708 2331 (ΙΙΙ
740 2248 796 2328 82,
824 2249 869 2332 8).
919 2249 963 2314 Ex
991 2250 1105 2334 quibus
1139 2250 1292 2314 discordia
1326 2251 1470 2317 nascitur
1556 2303 1557 2346 1

242 2362 391 2426 scelerum
416 2370 449 2426 et
471 2362 659 2444 flagitiorum
684 2370 797 2426 mater:
821 2363 899 2425 οὕτω
922 2366 1002 2426 πᾶσα
1030 2361 1093 2425 ἰδέα
1120 2361 1245 2445 κατέστη
1273 2366 1468 2447 κακοτροπίας
1556 2363 1557 2448 ,

243 2474 299 2538 διὰ
327 2475 387 2543 τὰς
419 2476 556 2546 στάσεις
582 2479 625 2559 τῷ
653 2471 816 2558 Ἑλληνικῷ
842 2474 906 2556 Ι(ΙΙΙ
932 2474 984 2555 83,
1019 2474 1064 2556 1).
1114 2474 1215 2551 Quid?
1264 2475 1465 2561 optimatium

242 2586 321 2650 iliud
345 2587 378 2650 in
403 2581 594 2670 ‘quibusdam
623 2585 804 2651 civitatibus
831 2586 881 2649 ius
909 2585 1090 2651 iurandum:
1119 2588 1168 2650 καὶ
1189 2592 1237 2673 τῷ
1265 2587 1353 2671 δήμῳ
1380 2588 1466 2652 κακὸ·
1556 2617 1557 2674 3

242 2721 308 2767 νους
330 2695 435 2779 ἔσομαι
458 2699 506 2762 καί
530 2698 681 2781 βουλεύσω
705 2697 748 2761 ὁτι
769 2697 809 2780 do]
824 2696 888 2782 ἔχω
908 2700 998 2762 κακὸν
1024 2699 1136 2781 (Arist
1153 2698 1261 2763 ΡοΙ.Θ
1285 2701 1467 2766 9.1310·9
1556 2681 1557 2688 Ι

243 2810 392 2893 Susam),
426 2832 530 2874 nonne
559 2811 749 2875 contrarium
779 2818 826 2874 est
855 2811 897 2890 ei,
926 2811 1007 2893 quod
1037 2811 1252 2895 unusquisque
1280 2813 1397 2877 civium
1431 2814 1465 2878 in

243 2923 373 2988 Graecia
394 2923 497 2987 iurare
520 2923 654 2988 debebat
676 2923 869 2988 concorditer
891 2943 923 2986 sc
946 2923 1104 2986 victurum
1131 2944 1197 2988 esse
1224 2945 1296 2988 cum
1323 2924 1466 2989 civibus?
1556 3011 1557 3014 Ἴ

244 3037 338 3101 Cuius
361 3035 438 3101 iuris
460 3036 586 3100 iurandi
609 3036 787 3120 exemplum
811 3035 908 3121 lapidi
932 3034 1125 3118 insculptum
1147 3035 1291 3102 fortunae
1308 3036 1397 3100 nobis
1414 3037 1465 3101 bc-

242 3147 395 3230 nignitate
428 3156 586 3212 servatum
617 3147 721 3229 est¹⁸).
772 3147 917 3230 Legimus
950 3147 1034 3211 enim
1068 3147 1126 3210 hoc
1154 3147 1378 3213 Chersonesitis
1410 3170 1466 3233 per

242 3280 350 3324 omnes
373 3259 446 3324 deos
470 3260 565 3325 fuisse
588 3260 771 3325 iurandum:
796 3261 952 3342 ὁμονοησῶ
977 3259 1050 3342 ὑπὲρ
1067 3259 1212 3343 σωτηρίας
1227 3262 1275 3324 καὶ
1295 3261 1466 3345 ἐλευθερίας
1556 3331 1557 3344 ,

243 3372 348 3440 πὸλεος
370 3373 419 3436 καὶ
446 3376 564 3436 πολιτᾶν
592 3373 641 3436 καὶ
669 3371 702 3435 οὐ
731 3374 878 3456 προὸωσῶ
902 3371 1089 3456 Χερσὸνασον
1113 3376 1173 3436 κτλ.
1224 3373 1312 3437 Idem
1339 3373 1387 3437 ius
1414 3374 1464 3438 iu·
1556 3395 1557 3413 ι

241 3483 376 3548 randum
399 3491 520 3570 spectat
543 3484 693 3558 Socrates,
718 3506 790 3548 cum
813 3485 930 3548 civium
951 3484 1085 3548 salutem
1101 3485 1134 3548 in
1150 3484 1314 3548 concordia
1329 3485 1464 3570 positam

242 3618 308 3661 esse
331 3597 475 3681 exponit:
500 3596 574 3661 ἀλλὰ
599 3598 655 3681 μὴν
678 3598 727 3660 καὶ
751 3597 873 3679 ὁμὸνοιοί
894 3621 927 3680 ηε
950 3597 1084 3678 μέγιστόν
1107 3619 1138 3660 τε
1162 3597 1272 3679 ἀγαθὸν
1296 3599 1378 3661 δοκεῖ
1398 3602 1466 3668 ταῖς

243 3708 361 3772 πὸλεσιν
384 3708 527 3773 εἶναικαὶ
551 3711 718 3778 πλειστάκις
741 3709 770 3772 ἐν
798 3710 899 3779 αὐταῖς
925 3711 960 3774 σί
989 3734 1020 3773 τε
1047 3710 1197 3793 γερουσίαι
1223 3711 1271 3772 καὶ
1299 3711 1326 3772 οί
1353 3710 1465 3801 α’ίριστοι

242 3823 343 3904 ἄνδρες
366 3823 613 3906 παρακελεύονται
636 3828 696 3890 τοῖς
719 3823 850 3890 πολίταις
873 3823 1018 3905 ὁμονοεῖν,
1043 3824 1091 3885 καὶ
1114 3825 1265 3907 πανταχοῦ
1289 3823 1319 3885 ἐν
1342 3827 1380 3906 τῇ
1399 3820 1464 3886 Ἑλ·

242 3937 307 3997 λοίδι
330 3933 419 4016 νὸμος
441 3939 534 3998 κεῖται
556 3934 623 4004 τοὺς
646 3935 765 4004 πολίτας
788 3935 909 4018 ὀμνύναι
934 3935 1118 4019 ὁμονοήσειν,
1141 3937 1190 3997 καὶ
1207 3938 1357 4020 πανταχοῦ
1374 3935 1464 4016 ὀμνύ-

241 4069 304 4112 ουσι
328 4048 376 4110 τὸν
400 4046 485 4131 ὁρκον
508 4051 624 4111 τοῦτον·
647 4047 729 4131 οἶμαι
752 4046 779 4111 δ’
800 4048 860 4130 ἐγὼ
881 4052 973 4111 ταῦτα
992 4047 1141 4131 γίγνεσθαι
1166 4094 1302 4112 .....
1310 4098 1318 4128 ,
1342 4048 1389 4111 foc
1404 4053 1465 4119 τοῖς

242 4161 341 4241 νόμοις
374 4160 543 4223 πείθωνται.
590 4160 701 4230 τούτοις
733 4161 788 4245 γὰρ
822 4166 880 4224 τῶν
909 4162 1036 4222 πολιτῶν
1071 4157 1270 4242 ἐμμενόντων,
1303 4162 1333 4223 αἱ
1365 4159 1465 4229 πόλεις

243 4271 432 4358 ἰσχυρόταταί
451 4297 483 4337 τε
507 4276 555 4338 καί
579 4272 834 4355 εὐδαιμονέσταται
856 4274 1011 4356 γίγνονται·
1036 4271 1105 4336 ἄνευ
1128 4273 1161 4336 δὲ
1184 4273 1320 4354 ὁμονοίας
1346 4271 1407 4336 οὔτ’
1430 4271 1465 4336 ἂν

293 4511 294 4514 ’
331 4501 364 4570 ¹⁸)
384 4502 581 4570 Dittenberger,
602 4499 710 4569 Sylloge
729 4500 760 4552 1²
777 4501 838 4554 461.
