3128 5124
584 419 843 496 Ι-53-

117 601 306 687 Spengelius
329 600 444 666 oratori
472 601 663 667 Rhamnusio
699 601 865 687 adscripsit
876 601 938 686 ¹⁰⁵),
968 609 1000 668 et
1030 600 1281 686 Buresohius¹⁰⁶)
1313 612 1345 668 et

119 712 352 797 Nordenus¹⁰²)
379 713 537 798 sophistae
563 713 723 779 vindicare
752 735 814 779 non
843 714 1077 780 dubitaverunt
1123 713 1232 779 Tradit
1259 714 1342 780 enim

117 826 259 891 Galenus
281 825 333 909 (fr.
359 825 399 890 76
423 824 487 908 Bl.)
508 826 540 890 in
565 826 623 891 hac
651 834 717 890 arte
740 823 966 911 Antiphontem
989 827 1139 906 docuisse,
1163 848 1224 912 qno
1250 826 1343 921 modo

119 941 254 1022 ὀνόματα
276 938 361 1002 καινὰ
384 937 530 1022 fingenda
546 945 660 1002 essent.
705 937 885 1023 sophistam
900 939 983 1004 hunc
1006 938 1234 1025 Antiphontem
1249 939 1343 1004 fuisse

118 1073 161 1117 ex
184 1072 221 1116 eo
245 1051 414 1130 coniciunt,
438 1050 519 1135 quod
543 1051 623 1115 altor
653 1057 757 1116 orator
783 1052 875 1117 novis
901 1052 1063 1116 vocabulis
1089 1053 1123 1116 in
1151 1052 1343 1117 orationibus

116 1165 187 1230 suis
213 1185 283 1230 raro
309 1165 364 1248 (cf.
388 1164 425 1228 fr.
449 1165 501 1230 20.
523 1165 591 1247 33),
620 1165 699 1230 alter
725 1165 866 1249 sophista
893 1185 986 1250 saepe
1015 1164 1139 1229 videtur
1165 1185 1239 1229 usus
1266 1185 1342 1228 esse.

119 1277 263 1359 Accedit,
287 1276 425 1361 quodin
453 1285 519 1341 arte
547 1277 700 1342 rhetorica
727 1277 885 1343 distinctio
912 1277 995 1342 inter
1022 1277 1082 1342 dno
1110 1297 1224 1361 genera
1251 1297 1343 1359 argu-

119 1395 301 1453 mentorum
329 1389 375 1469 tit,
402 1409 499 1473 quam
525 1389 559 1453 in
587 1390 780 1454 orationibus
808 1390 981 1473 neglectam
1013 1389 1154 1453 videmus
1182 1387 1237 1472 (cf.
1252 1387 1343 1452 Blass

121 1502 161 1565 A.
180 1500 214 1564 B.
232 1522 262 1586 p.
280 1501 342 1565 115
365 1500 436 1565 adn.
463 1501 505 1583 1).
550 1501 608 1566 His
631 1502 727 1585 igitur
748 1501 786 1566 de
809 1503 912 1568 causis
935 1502 990 1587 qni
1005 1501 1120 1566 oratori
1136 1508 1236 1565 artem
1256 1500 1343 1566 abro-
1377 1521 1379 1524 ·

118 1621 207 1696 gant,
242 1633 277 1677 eo
312 1614 467 1692 nituntur,
500 1613 583 1697 quod
612 1613 677 1678 iam
703 1615 861 1679 veteribus
889 1614 1077 1699 quibusdam
1110 1621 1189 1678 teste
1216 1612 1343 1677 Polluce

121 1725 180 1788 illa
212 1725 319 1809 spuria
345 1725 511 1790 videbatur
537 1726 631 1808 (Poll.
658 1726 700 1789 VI
726 1727 797 1791 143.
820 1728 858 1790 fr.
886 1728 927 1792 74
953 1726 1028 1808 BL).
1056 1726 1143 1804 Quod
1170 1725 1275 1791 nescio
1302 1745 1343 1789 an

120 1838 183 1901 tibi
206 1837 340 1922 placeat.
386 1837 429 1901 At
451 1837 561 1902 eadem
585 1845 633 1904 est
655 1839 865 1924 discrepantia
887 1838 971 1904 inter
992 1846 1090 1904 artem
1107 1838 1295 1904 rhetoricam
1312 1845 1343 1903 et

119 1948 284 2035 sophistae
306 1950 471 2013 verborum
495 1970 598 2018 usum.
615 1951 741 2035 Legitur
757 1953 840 2015 enim
856 1952 890 2017 in
906 1951 962 2016 illa
977 1952 1246 2034 decentessime,
1270 1971 1342 2016 cum

120 2062 190 2146 ipse
212 2061 367 2146 sophistes
391 2063 587 2147 ἀπαρασκεύῳ
603 2065 763 2149 scripserit
785 2061 908 2148 (Anae.
924 2065 962 2128 fr.
978 2063 1024 2147 3).
1068 2065 1177 2149 Neque
1191 2063 1342 2147 sophista,

118 2174 177 2238 sed
200 2181 304 2238 orator
326 2175 489 2259 Antiphon
511 2174 635 2239 dicendi
659 2184 824 2261 praecepta
839 2177 1004 2241 tradidisse
1025 2177 1124 2241 fertur
1139 2176 1200 2259 (Pl.
1218 2175 1341 2241 Manen.

122 2285 238 2369 asoa).
282 2287 373 2350 Hunc
401 2286 497 2369 igitur
524 2287 562 2352 de
589 2289 677 2353 novis
706 2289 879 2370 vocabulis,
909 2290 1022 2372 quibus
1049 2297 1117 2353 tum
1146 2309 1252 2353 omnes
1279 2288 1342 2353 fere

121 2399 291 2483 scriptores
314 2399 465 2463 excellere
489 2399 669 2480 studebant,
691 2401 725 2464 in
747 2409 813 2466 arte
836 2402 990 2466 rhetorica
1013 2423 1103 2486 agere
1126 2401 1263 2466 maxime
1291 2399 1343 2464 de-

117 2508 195 2587 cuit,
221 2509 344 2574 etiamsi
367 2510 434 2594 ipse
457 2510 491 2574 in
513 2512 578 2576 suis
601 2513 795 2578 orationibus
817 2513 890 2578 huic
913 2515 992 2578 mori
1014 2514 1119 2579 minus
1141 2513 1283 2578 indulsit.

209 2620 272 2685 Sed
299 2621 463 2688 redeamus
492 2624 532 2687 ad
559 2623 741 2709 sophistam,
774 2627 829 2709 qni
856 2627 985 2710 Gorgiae
1012 2627 1191 2711 exemplum
1217 2634 1342 2692 secutus

118 2732 231 2797 multis
254 2733 433 2818 compositis
456 2735 626 2817 vocabulis,
654 2757 734 2819 quac
761 2739 867 2801 διπλᾶ
894 2738 1049 2819 ὀνόματα
1073 2739 1256 2803 Aristoteles
1284 2738 1340 2821 (f.

119 2845 212 2909 Rhet.
239 2843 263 2908 Γ
287 2844 322 2927 3)
346 2846 494 2931 appellat,
518 2848 674 2932 poeticum
695 2851 846 2914 sermonis
868 2850 1002 2915 colorem
1026 2851 1121 2914 auxit.

208 2957 260 3022 Fr.
276 2958 319 3022 49
342 2959 544 3039 ὀλυμπιονῖκπι
566 2962 613 3023 καὶ
637 2961 804 3025 notrorum
820 2963 972 3027 vocabula
986 2963 1164 3042 significant
1178 2961 1341 3027 victoriam

116 3069 320 3155 Olympicum
343 3077 374 3135 et
396 3071 569 3156 Pythicam.
614 3074 729 3150 Quodsi
753 3073 906 3139 Pindarus
934 3075 1035 3139 utitur
1062 3076 1208 3156 thophec,
1236 3075 1339 3138 πυθιο-

116 3183 210 3265 νίκης,
234 3182 383 3264 ὀλυμπιό-,
406 3183 574 3254 nodedum<
596 3187 693 3250 subst.
718 3193 750 3250 et
772 3187 893 3267 adiect,
921 3187 1004 3251 idem
1032 3207 1093 3252 non
1122 3187 1225 3251 utitur
1246 3188 1340 3271 ὀλυμ-

116 3294 237 3377 πιονίκη
265 3295 494 3380 similibusque,
529 3297 584 3361 sed
618 3297 740 3363 dnobus
762 3300 864 3364 verbis
890 3321 957 3364 rem
988 3300 1126 3384 exponit,
1161 3320 1187 3364 c.
1207 3322 1236 3384 g.
1263 3301 1340 3365 Isth.

118 3407 228 3471 vl14
250 3405 422 3489 Ἰσθμιάδος
449 3409 538 3487 νίκας,
567 3409 658 3493 Pyth.
682 3412 743 3475 Vll
772 3413 811 3476 13
840 3412 925 3475 πέντε
953 3413 1004 3496 μὲν
1027 3410 1149 3495 Ἰσθμοῖ
1174 3415 1260 3488 νῖκαι,
1289 3411 1340 3495 μία

114 3517 144 3582 δ’
179 3520 328 3604 ἐκπρεπὴς
359 3519 427 3590 Διὸς
453 3519 632 3602 Ὀλυμπιάς.
688 3523 829 3588 Primum
862 3526 944 3610 apud
971 3524 1194 3609 Bacchylidem
1224 3525 1270 3589 IV
1299 3527 1338 3590 17

116 3632 269 3718 apperuit
292 3630 401 3697 cadem
422 3633 532 3712 forma,
556 3654 652 3718 quam
667 3636 828 3721 Antiphon
851 3643 996 3722 usurpat:
1020 3637 1071 3701 δύο
1087 3635 1112 3700 τ’
1134 3638 1341 3720 ὀλυμπιονίκας

114 3743 236 3808 ἀείδειν.
296 3743 334 3808 ln
367 3765 459 3829 prosa
492 3746 567 3811 haec
601 3748 798 3813 substantiva
832 3769 988 3832 nusquam
1020 3750 1128 3815 inveni
1160 3751 1222 3816 nisi
1256 3750 1340 3836 apud

115 3854 242 3920 Heliod.
266 3856 357 3921 Aeth.
384 3857 410 3918 V
436 3857 901 3943 19p.199‚8(4‚16130klr.),
929 3861 985 3926 ubi
1012 3861 1159 3946 legimus:
1187 3863 1240 3946 τὴν
1269 3863 1340 3945 μέλ-

112 3971 226 4032 λουσαν
249 3969 432 4054 πυθιονίκην.
482 3969 591 4034 Graeoi
623 3971 719 4056 igitur
751 3994 854 4058 neque
887 3974 1037 4039 victoriae
1072 3974 1256 4060 Olympicae
1289 3975 1339 4041 vel

113 4156 251 4224 pertinere
270 4157 384 4212 videtur.
421 4157 550 4212 Similiter
568 4159 643 4212 Plato
662 4159 829 4214 Theodorum
849 4161 1006 4229 Byzantium
1028 4166 1137 4232 propter
1154 4164 1263 4217 nimiam
1281 4165 1339 4218 eius

112 4245 284 4312 disponendi
304 4250 388 4300 artem
406 4241 584 4316 λογοδαίδαλον
603 4247 768 4316 appellatio
786 4248 898 4303 Phaedr.
918 4250 999 4318 aeae,
1018 4251 1050 4304 ol.
1070 4252 1153 4305 Arist.
1166 4251 1245 4306 Rhet.
1263 4249 1283 4306 Γ
1298 4251 1338 4306 13.

211 4333 253 4400 ¹⁰⁶)
274 4337 331 4387 Art.
350 4335 441 4402 script.
460 4349 486 4402 p.
503 4335 560 4389 116.

211 4420 427 4490 Qlapffl.

210 4507 252 4572 ¹⁰¹)
274 4510 335 4564 Ant.
354 4509 446 4580 Kstpr.
464 4528 491 4580 p.
504 4510 539 4565 72
558 4511 619 4566 adu.
633 4511 658 4565 2.
