3128 5124
604 417 822 481 -23-

96 593 199 670 putat,
233 588 287 670 qui
320 588 416 650 animi
450 587 738 672 perturbationibus
773 589 958 655 concitetur:
992 591 1166 674 bpbaos'cao
1190 592 1323 655 ἑωυτὸν

97 703 144 768 ὡς
167 700 301 783 ἐχθρὸν
324 699 451 762 λυπέει
473 698 524 781 (fr.
541 700 608 782 88).
644 737 685 747 -
726 703 741 764 b
766 702 819 782 μὲν
842 700 971 785 εὔθυμος
999 703 1041 772 εἰς
1063 701 1132 787 ἔργα
1154 705 1211 769 αἰεὶ
1234 705 1323 790 φερό-

99 835 186 892 μενος
209 813 304 876 δίκαια
331 815 379 876 καί
407 815 516 896 νόριμα
538 815 586 876 καὶ
611 814 686 896 ὕπαρ
710 816 757 877 καί
781 813 850 898 ὄναρ
873 816 970 899 χαίρει
992 840 1024 878 τε
1046 819 1095 880 καὶ
1124 815 1249 903 ἔρρωται
1271 819 1319 882 καὶ

97 927 249 1009 ἀνακηδής
272 925 362 988 ἐστιν·
388 925 420 995 ὃς
443 919 470 988 δ’
496 924 530 988 ἂν
561 928 609 989 καὶ
632 927 713 1011 δίκης
736 929 828 1010 ailam
851 930 900 993 καί
923 929 957 990 τὰ
980 931 1040 1013 χρὴ
1065 929 1150 994 ἐόντα
1174 932 1216 1013 μὴ
1240 929 1321 1015 ἔρδῃ,

97 1039 195 1121 τούτῳ
219 1040 311 1102 πάντα
334 1038 370 1100 τὰ
393 1043 511 1102 τοιαῦτα
534 1039 684 1122 ἀτερπείη,
708 1039 776 1103 ὅταν
800 1064 848 1103 τευ
872 1041 1059 1126 ἀναμνησίνῇ,
1084 1044 1131 1106 καὶ
1147 1044 1258 1107 δέδοικε
1274 1045 1324 1107 καὶ

99 1151 236 1214 ἑωυτὸν
268 1151 408 1222 κακίζει
432 1151 588 1234 (lr.1'r'4).
650 1152 761 1236 Itaque
784 1154 954 1218 verisimile
982 1154 1016 1218 fit
1043 1155 1263 1235 Iamblichum,
1287 1163 1323 1221 ut

99 1264 232 1342 solebat,
255 1273 413 1328 auctorem
439 1264 594 1346 quendam
619 1264 734 1328 saeculi
758 1265 912 1349 quintia.
937 1266 992 1330 Ch.
1017 1289 1046 1330 n.
1071 1276 1127 1330 eut
1149 1267 1252 1352 ipsum
1269 1275 1324 1332 eut

99 1397 157 1460 per
177 1377 275 1440 aliurn
298 1376 491 1462 compilasse.
538 1377 626 1452 Quod
652 1378 679 1440 si
706 1399 809 1461 uagae,
839 1385 872 1442 at
899 1379 956 1442 hoc
979 1389 1061 1443 certe
1084 1380 1234 1444 concedes
1256 1382 1321 1444 lieri

100 1489 248 1572 potuisse,
286 1495 322 1552 ut
355 1488 419 1552 iam
452 1488 507 1552 illa
537 1495 638 1553 aetate
668 1490 871 1574 philosophus
899 1491 1037 1574 quidam,
1068 1492 1123 1575 qui
1148 1492 1231 1556 idem
1260 1493 1323 1557 fere

99 1609 197 1683 atque
220 1601 416 1667 Democritus
439 1602 577 1680 sentiret,
602 1603 798 1666 concordiam
826 1604 864 1667 ad
893 1604 997 1687 ipsum
1021 1605 1162 1668 animum
1185 1606 1322 1670 referret.

101 1714 169 1776 Hoc
192 1721 295 1778 autem
320 1713 370 1777 vel
393 1713 465 1776 inde
489 1721 628 1798 apparet,
652 1714 734 1796 quod
758 1714 846 1780 Plato
874 1716 932 1778 hac
959 1717 1058 1780 altera
1087 1717 1268 1782 concordiae
1291 1718 1322 1781 ri

100 1847 164 1888 non
188 1826 233 1890 ita
257 1827 366 1908 utitur,
391 1836 425 1889 ut
449 1827 488 1890 ab
516 1848 550 1890 eo
575 1827 675 1911 primo
709 1827 838 1891 inducta
872 1849 937 1891 esse
971 1819 1125 1893 videatur.
1181 1829 1323 1893 Eundem

100 1938 205 2001 dicere
227 1938 384 2002 hominem
407 1937 586 2023 improbum
608 1961 713 2004 secum
737 1940 911 2004 discordare
934 1947 966 2004 et
988 1941 1048 2004 sibi
1070 1941 1174 2025 ipsum
1199 1950 1230 2005 et
1253 1941 1323 2005 aliis

100 2049 266 2114 inimicum
302 2072 367 2114 esse
394 2073 488 2137 supra
516 2053 827 2116 commemoravimus
864 2052 956 2137 (Rep.
989 2053 1100 2132 esea).
1146 2054 1217 2118 Alio
1255 2054 1322 2118 loco

99 2163 215 2226 ἀδικίαν
239 2163 315 2226 dicit
338 2166 437 2228 στάσιν
461 2187 539 2246 esee,
561 2167 693 2249 ταραχὴν
718 2166 765 2227 καί
789 2168 899 2249 πλάνην
918 2167 1009 2250 (Rep.
1027 2166 1138 2245 444b).
1184 2169 1323 2244 Quocum

100 2277 259 2341 consentit
293 2276 457 2360 Epicurus:
492 2279 507 2340 b
537 2279 647 2346 δίκαιος
679 2277 920 2362 ἀταρακτότατος,
955 2278 971 2340 b
999 2277 1025 2341 δ’
1054 2278 1153 2347 ἄδικος
1187 2280 1323 2364 πλείστης

99 2394 234 2472 ταραχῆς
256 2387 353 2471 γέμων
378 2390 480 2473 (Sent.
504 2391 557 2455 sel.
578 2391 613 2454 17
641 2391 693 2455 Ua.
718 2413 746 2476 p.
771 2390 822 2470 78,
846 2392 883 2454 cl.
907 2393 943 2454 fr.
960 2391 1048 2473 519).
1108 2392 1197 2456 Errat
1217 2399 1322 2455 autem

100 2502 258 2565 Usenerus
280 2503 312 2566 in
337 2523 382 2582 eo,
406 2503 487 2587 quod
512 2503 651 2568 Platonis
681 2505 767 2589 Reip.
796 2525 826 2588 p.
851 2504 948 2582 sera,
977 2525 1070 2586 quem
1097 2503 1200 2568 locum
1228 2525 1323 2588 supra

100 2614 244 2698 apposui,
271 2615 304 2678 in
332 2615 433 2698 primo
461 2616 617 2680 Ciceronis
645 2616 723 2680 libro
752 2616 789 2680 de
817 2616 932 2680 finibus
970 2617 1062 2698 13,44
1085 2624 1117 2681 et
1141 2617 1234 2696 18,58
1268 2638 1322 2681 ex-

100 2746 244 2810 pressum
270 2748 335 2791 esse
357 2727 586 2809 arbitratur⁴²).
648 2729 712 2792 Nec
734 2728 875 2792 inductio
899 2750 945 2804 ea,
970 2751 1049 2814 quae
1073 2730 1112 2793 ad
1137 2730 1249 2794 medici
1273 2751 1322 2793 ar-

98 2847 228 2921 temque
260 2841 477 2922 gubernatoris
512 2841 648 2925 pertinet
679 2841 732 2924 (de
767 2842 818 2903 fin.
849 2841 864 2903 I
892 2842 1012 2924 13‚4⁴2),
1047 2851 1172 2925 sumpta
1205 2852 1252 2906 est
1285 2864 1323 2905 ex

101 2949 242 3016 Platonis
266 2952 374 3036 Repl
400 2953 449 3016 15.
473 2951 745 3036 3410-342e⁴⁸).
791 2954 892 3017 lmmo
916 2975 987 3018 vero
1003 2954 1164 3037 Epicurus,
1181 2955 1234 3018 ubi
1251 2976 1321 3018 cum

102 3062 233 3128 Platone
256 3064 409 3148 congruit,
433 3065 549 3130 eisdem
574 3087 646 3129 usus
670 3074 716 3129 est
739 3066 851 3150 prioris
875 3066 986 3129 aetatis
1010 3066 1196 3129 auctoribus.
1242 3066 1322 3129 Nam

99 3197 182 3260 quae
206 3175 254 3239 illi
281 3178 439 3261 praeclare
467 3177 604 3261 cogitata
631 3178 717 3242 libris
746 3177 982 3250 mandaverant,
1011 3200 1049 3242 ex
1074 3178 1132 3243 hoc
1161 3179 1321 3242 communi

97 3289 185 3352 sonte
209 3287 258 3352 vel
282 3290 412 3353 maximi
436 3291 605 3355 hauserunt
620 3291 798 3375 posterioris
813 3291 928 3354 saeculi
945 3289 1129 3376 philosophi.
1143 3292 1321 3376 'Apponam

95 3403 195 3485 igitur
220 3401 291 3466 illos
319 3401 475 3466 Ciceronis
502 3403 595 3483 locos,
623 3404 706 3467 unde
734 3404 906 3486 intellegas,
935 3425 1015 3487 quae
1042 3404 1120 3467 ratio
1148 3404 1322 3468 intercedat

94 3515 181 3578 inter
204 3513 391 3578 discordiam
415 3515 550 3578 civitatis
573 3516 739 3580 seditiosae
754 3523 786 3580 et
801 3517 942 3580 animum
957 3537 1062 3579 secum
1079 3516 1320 3580 discordantem:

97 3625 292 3706 Cupiditates
314 3627 393 3687 emim
415 3635 488 3687 suat
508 3626 707 3706 insatiabiles,
731 3649 893 3712 quaenam
915 3628 1003 3689 modo
1025 3627 1161 3712 stropulos
1175 3627 1321 3707 domines,

94 3736 148 3798 sed
173 3737 336 3798 universas
362 3734 506 3816 familias
532 3746 677 3816 everterat,
702 3747 795 3801 totam
822 3739 915 3799 etiam
938 3737 1126 3819 labefactaret
1147 3760 1236 3822 saepe
1256 3760 1321 3800 reae

91 3845 263 3928 publicam.
311 3845 362 3908 Ec
383 3846 605 3932 cupiditatibus
626 3849 697 3909 odia
719 3847 851 3910 discidia
874 3850 1045 3912 discordiae
1066 3849 1224 3911 seditiones
1244 3847 1321 3911 bella

92 3965 354 4036 crescentianae
376 3978 428 4018 eae
449 3977 479 4018 se
500 3956 580 4038 foris
601 3957 701 4019 solum
723 3959 843 4020 iactarat
864 3980 917 4020 erec
939 3970 1063 4021 taratara
1085 3961 1120 4020 ira
1143 3958 1220 4020 alios
1235 3979 1320 4020 caeco

92 4069 215 4151 impeta
237 4067 414 4146 incurrunt,
437 4068 489 4129 sed
509 4069 593 4129 intas
615 4069 709 4129 etiarn
731 4070 766 4130 in
788 4070 902 4131 araiau's
924 4069 1060 4132 inclusae
1074 4071 1155 4132 inter·
1176 4091 1206 4132 se
1227 4070 1319 4131 dissi

91 4179 169 4240 dent
191 4187 285 4260 atque
306 4179 492 4260 discordant,
525 4200 561 4240 ea
583 4199 641 4260 quo
668 4181 764 4240 eitam
786 4181 1020 4242 amarissimam
1042 4201 1154 4242 necesse
1175 4191 1215 4242 est
1238 4178 1320 4262 effici

91 4297 153 4352 etc.
178 4287 245 4369 (13,
256 4287 322 4370 43).
369 4287 464 4352 Paulo
487 4289 656 4373 posthaec
679 4288 779 4352 addit:
805 4288 927 4354 Clamat
950 4289 1108 4372 Epicurus
1130 4337 1138 4353 .
1163 4336 1170 4352 .
1194 4340 1202 4354 .
1228 4339 1234 4354 .
1257 4311 1321 4352 ιιοιν

188 4425 222 4491 ⁴⁷)
243 4426 373 4494 Epicurea
391 4444 417 4495 p.
432 4426 483 4479 272
502 4427 537 4480 ad
555 4445 579 4480 ν.
596 4427 677 4496 lbsq.
698 4433 724 4480 et
743 4427 795 4480 268
814 4428 847 4480 ad
866 4445 889 4480 r.
906 4429 969 4496 lsq.

186 4513 222 4582 ⁴⁸)
242 4515 259 4567 l.
272 4531 295 4568 c.
315 4532 341 4583 p.
356 4516 415 4568 267.
