3128 5124
731 389 944 455 ,68-

229 587 333 631 rarum
355 587 414 630 usu
437 565 649 647 conturbatur,
674 564 764 629 utin
788 565 824 629 lr.
848 563 990 646 581000,
1015 583 1107 646 quem
1130 584 1225 647 supra
1248 563 1450 648 exposuimus

232 679 397 762 (δειμαίνει,
421 679 462 761 μὴ
486 677 504 740 ἃ
528 677 609 740 θέλει
632 682 751 761 ποιῆσαι
767 677 854 760 κτλ),
878 685 909 741 ct
925 677 955 740 in
973 679 1009 741 l'r.
1026 677 1079 756 49,
1102 675 1154 740 ubi
1171 697 1243 741 cum
1259 677 1297 740 de
1313 677 1449 742 divortio

229 791 341 874 agitur,
365 789 460 853 uerba
475 788 552 853 adeo
569 788 700 872 abrupte
716 788 888 873 composita
903 795 986 868 suot,
1010 795 1045 851 ut
1061 807 1184 852 sensum
1202 788 1254 851 vix
1270 788 1449 871 intellegere

230 902 335 986 possis.
373 901 436 964 Nec
451 919 523 964 vero
540 908 624 964 recte
638 899 791 964 iudicauit
805 899 977 979 Jacobsius,
994 897 1076 981 quod
1093 897 1329 963 dissolutionem
1344 907 1449 964 sustu-

232 1013 269 1076 lit
291 1014 339 1078 καὶ
362 1019 431 1097 post
454 1011 604 1094 ἐκπορποιί
624 1009 822 1095 interposito:
846 1011 975 1095 χαλεπαὶ
999 1010 1051 1092 μὲν
1074 1009 1231 1092 ἐκπομποιί,
1255 1011 1322 1080 τοὺς
1348 1013 1451 1094 φίλους

230 1123 358 1209 ἐχθροὺς
380 1128 501 1206 ποιῆσαι
523 1125 596 1201 κτλ,
621 1142 721 1205 neque
745 1120 899 1187 Dielesius
922 1121 1131 1186 coniecturam
1154 1123 1257 1184 δοκοῦν
1281 1144 1312 1184 τε
1327 1143 1384 1206 pro
1400 1125 1450 1186 δο-
1560 1177 1561 1208 γ

229 1240 336 1298 anduno
359 1236 391 1298 in
416 1234 514 1298 altera
536 1232 674 1298 editione
697 1231 840 1296 retinuit:
865 1233 994 1318 χαλεπὸν
1019 1233 1051 1295 δὲ
1080 1233 1242 1316 κεκτῆσθαι
1269 1238 1369 1317 κτῆμα
1396 1258 1451 1297 τοι·

229 1350 325 1422 odron,
350 1347 491 1409 δοκοῦντα
514 1344 621 1428 ἡδονὰς
648 1344 773 1407 κτᾶσθαι
796 1343 888 1413 λόπας
910 1342 1044 1426 ἄγεσθαι.
1095 1343 1177 1408 Nam
1205 1344 1274 1428 ipsa
1295 1345 1451 1430 composi-

232 1457 327 1521 tionis
356 1456 538 1540 symmetria
567 1455 642 1520 haec
669 1454 821 1540 asyndets
850 1455 993 1538 quamvis
1020 1454 1099 1519 dura
1130 1455 1164 1519 in
1199 1461 1267 1519 tuto
1298 1455 1452 1521 collocata

231 1576 314 1632 sunt.
361 1566 443 1632 Sane
465 1567 642 1650 exemplum
659 1565 717 1630 hoc
732 1572 780 1630 cst
795 1565 861 1630 eius
877 1565 957 1644 vitii,
981 1566 1064 1649 quod
1079 1565 1291 1648 Hermogenes
1307 1566 1339 1630 in
1357 1567 1450 1631 Anti·
1561 1578 1562 1594 ³

231 1680 346 1764 phonte
373 1677 585 1762 reprehendit:
619 1677 667 1741 καὶ
691 1678 858 1761 περιβάλλει
886 1677 918 1740 δὲ
947 1678 1040 1761 χωρὶς
1063 1675 1232 1762 εὐκρινείας,
1256 1677 1300 1740 διὸ
1321 1679 1370 1740 καὶ
1386 1698 1452 1760 συγ·
1480 1693 1491 1710 ·

231 1795 283 1876 χεῖ
302 1791 351 1854 τὸν
375 1789 460 1872 λόγον
484 1791 532 1852 καὶ
554 1786 631 1852 ἔστιν
655 1787 773 1870 ἀσαφὴς
795 1787 832 1850 τὰ
854 1789 957 1850 πολλοί.

316 1901 450 1967 Omnino
481 1907 587 1964 autem
609 1898 854 1980 Hermogenis
877 1897 1059 1962 iudicium
1082 1898 1121 1963 ad
1146 1919 1182 1962 ea
1205 1897 1347 1983 quadrat,
1372 1921 1454 1983 quae

232 2013 268 2077 de
296 2011 499 2096 Antiphontis
527 2008 682 2074 scribendi
709 2008 830 2074 ratione
860 2030 899 2074 ex
927 2009 1001 2094 ipsis
1029 2009 1211 2092 fragmentis
1238 2010 1453 2092 cognovimus.

232 2123 370 2208 Opponit
396 2121 479 2185 enim
509 2119 562 2184 ille
591 2119 706 2184 oratori
734 2119 927 2185 Rhamnusio
954 2119 1145 2204 sophistam:
1184 2121 1200 2182 ὁ
1229 2114 1253 2183 δ’
1276 2121 1374 2206 ἕτερος
1394 2121 1453 2205 Ἀ.,

231 2233 321 2316 οὗπερ
344 2233 370 2294 οἱ
392 2237 446 2315 τῆς
465 2230 623 2315 Ἀληθείας
647 2232 702 2294 eloi
725 2229 876 2315 λεγόμενοι
904 2233 995 2314 λόγοι,
1022 2233 1169 2300 πολιτικὸς
1190 2233 1241 2313 μὲν
1258 2234 1365 2316 ἥκιστά
1380 2234 1453 2314 ἐστι,

233 2346 338 2427 σεμνὸς
359 2345 392 2408 δὲ
413 2344 461 2407 καὶ
484 2342 643 2429 ὑπέρογκος
665 2348 724 2411 τοῖς
748 2367 779 2406 τε
801 2341 899 2410 ἄλλοις
927 2343 975 2406 καὶ
1001 2347 1043 2426 τῷ
1071 2341 1107 2406 δι’
1137 2344 1332 2427 ἀποφάνσεων
1356 2345 1454 2429 respui·

231 2480 287 2519 νειν
311 2456 343 2518 τὸ
366 2459 433 2536 πᾶν,
457 2453 473 2516 ὃ
501 2455 536 2536 δὴ
561 2457 611 2518 τοῦ
635 2453 829 2537 ἀξιωματικοό
851 2452 939 2536 λόγου
963 2454 1024 2517 ἐστὶ
1048 2455 1096 2517 καὶ
1119 2456 1191 2539 πρός
1214 2455 1339 2539 μέγεθος
1359 2457 1454 2542 ὁρῶν-

232 2590 290 2649 τος,
314 2566 425 2650 ὑψηλὸς
448 2565 479 2628 δὲ
503 2570 539 2648 τῇ
562 2564 636 2633 λέξει
658 2566 705 2628 καὶ
729 2565 848 2651 τροχός,
873 2565 949 2629 ὥστε
976 2565 1025 2628 καὶ
1057 2565 1097 2648 μὴ
1129 2567 1228 2650 πόρρω
1258 2566 1455 2651 σκληρότητος

232 2677 314 2743 εἶναι.
379 2677 423 2741 Cf.
451 2674 594 2740 Philostr.
627 2676 665 2740 V.
697 2675 790 2761 Soph.
818 2676 929 2759 115,4
956 2681 998 2755 (ν.
1022 2697 1116 2761 supra
1144 2698 1172 2762 p.
1195 2677 1329 2758 ahoe).
1385 2679 1454 2742 Iam

233 2810 336 2871 nemo,
360 2788 414 2874 qni
437 2787 720 2872 haeccomprobat,
744 2787 877 2851 eundem
895 2787 1124 2871 Antiphontem
1141 2795 1286 2873 excerpta
1301 2788 1356 2853 illa
1372 2790 1456 2853 lam·

235 2899 329 2964 blichi
352 2897 567 2983 conscripsisse
591 2897 723 2982 putabit.
768 2902 937 2962 Auctorem
961 2897 1046 2962 enim
1068 2898 1158 2962 illum
1182 2920 1238 2964 nec
1260 2898 1374 2963 humili
1397 2921 1455 2964 nec

174 2995 181 3017 ³
234 3008 328 3076 nimis
351 3010 431 3074 elato
455 3029 565 3092 genere
588 3009 739 3073 sermonis
761 3009 810 3072 uti
834 3016 928 3094 atque
944 3009 1100 3092 eleganter
1123 3016 1154 3074 et
1176 3011 1338 3095 perspicue
1367 3012 1455 3095 loqui

235 3121 404 3206 Toopferus
432 3119 605 3184 accuratius
635 3118 852 3205 exposuit¹⁸²).
902 3120 1081 3186 Similitudo
1119 3130 1224 3185 autern
1255 3129 1287 3185 et
1318 3122 1455 3187 vocabu-

235 3235 336 3299 lorum
363 3239 394 3298 et
422 3233 662 3317 sententiarum,
692 3256 771 3318 quae
798 3234 954 3299 Blossium
984 3234 1097 3316 movit,
1126 3235 1205 3299 nihil
1232 3234 1348 3300 valet'
1379 3236 1456 3312 Quis

236 3349 320 3412 enim
343 3346 447 3412 hocin
471 3346 654 3429 aequalibus
676 3347 743 3412 fieri
766 3347 918 3412 miretur?
966 3347 1106 3412 Profecto
1137 3348 1244 3412 eadem
1273 3354 1319 3412 est
1344 3349 1455 3413 simili·

199 3542 202 3551 Ι
237 3459 311 3525 tudo
340 3458 422 3525 inter
448 3459 663 3543 Thucydidem
690 3466 721 3524 et
749 3461 823 3524 Ant.
850 3460 1032 3546 sophistam.
1090 3461 1198 3544 Neque
1228 3461 1455 3544 Hermogenem

236 3573 294 3636 hoc
316 3569 456 3654 fugit¹⁸³)
480 3578 510 3636 et
526 3572 626 3637 multa
648 3572 738 3638 facile
762 3573 938 3638 enumerari
954 3580 1095 3658 possunt,
1118 3594 1198 3657 quae
1214 3575 1376 3660 utriusque
1392 3597 1457 3640 ser-

110 3689 130 3734 )
238 3684 339 3751 monis
361 3691 434 3748 sunt
450 3686 637 3750 communia.
682 3685 742 3750 Sed
759 3686 967 3770 imprudentis
982 3694 1029 3752 est
1044 3707 1083 3751 ex
1098 3687 1156 3751 hac
1171 3708 1204 3751 re
1220 3687 1363 3770 colligere
1378 3689 1457 3753 Ant.

238 3797 409 3882 sophistam
432 3796 622 3881 Thucydidis
639 3805 870 3884 praeceptorem
893 3797 1059 3882 suisse¹³⁴)‚
1088 3805 1146 3863 etsi
1176 3800 1265 3883 plura
1292 3801 1374 3865 inter
1400 3800 1458 3865 hos

238 3909 354 3976 similia
377 3927 443 3974 esse
466 3910 662 3991 concedo¹³⁵)
685 3932 779 3995 quam
802 3912 884 3977 inter
906 3914 981 3976 Ant.
1005 3919 1158 3978 oratorem
1183 3919 1214 3978 et
1229 3913 1457 4000 Thucydidem,

240 4044 331 4109 quern
357 4022 510 4087 Caecilius
532 4023 618 4089 illius
641 4024 830 4110 discipulum
853 4024 949 4090 fuisse
971 4025 1112 4090 coniecit.
1157 4027 1204 4092 Ac
1227 4026 1303 4090 mihi
1327 4027 1458 4110 quidem

332 4231 372 4293 333)
391 4231 409 4284 l.
423 4247 445 4284 cc
464 4247 490 4298 p.
504 4231 537 4284 36
548 4247 605 4300 sqq.

331 4319 373 4382 133)
393 4319 426 4373 de
445 4319 481 4372 id.
501 4319 525 4371 ll
546 4319 603 4385 11‚7
621 4320 745 4385 (Vorsolr.
764 4321 799 4374 80
817 4321 841 4373 A
860 4321 876 4373 2
896 4338 920 4389 p.
935 4320 1048 4386 588,43).

330 4405 373 4472 333)
392 4407 426 4460 ct.
445 4407 563 4460 Buresch
582 4407 635 4462 λε.
654 4425 680 4476 p.
693 4407 727 4462 87
738 4424 778 4478 sq.

330 4495 374 4560 ¹³⁵)
393 4495 425 4552 cf.
445 4496 569 4570 Hermog.
588 4497 605 4550 l.
619 4514 651 4566 c,
671 4496 850 4554 Nomento.
870 4512 896 4568 p.
910 4496 943 4550 97
964 4497 1026 4550 adn.
1042 4499 1064 4550 l.
