3128 5124
596 424 806 486 -59-

302 593 369 658 ἅδ’
391 594 510 659 ἐδόκουν
534 599 594 662 τοῖς
617 594 706 663 πέλας
729 595 871 678 ποιήσειν,

300 708 445 776 παθόντες
467 711 559 771 ταῦτα
582 707 767 790 ἀνεφάνησαν
790 707 880 770 abaci.

172 821 209 884 In
231 821 289 883 hoc
311 829 357 884 ost
378 821 578 902 chiasmus,
604 840 696 903 quem
712 821 836 904 saepius
853 819 997 884 adhibuit
1013 821 1158 904 Gorgiam
1173 830 1308 902 secutus,

82 933 175 997 cuius
198 933 267 997 Hel.
285 933 314 996 3.
331 935 351 999 5
375 930 589 1014 conferas¹¹⁸).

172 1045 220 1110 Fr.
237 1046 279 1111 64
302 1046 407 1115 θῶπας
429 1044 555 1108 πλούτου
579 1047 627 1108 καὶ
650 1045 743 1128 τύχης
766 1047 902 1113 κόλακας.

172 1157 219 1222 Fr.
236 1158 278 1222 49
302 1159 331 1221 αἱ
353 1157 407 1242 γὰρ
431 1159 533 1240 ἡδοναὶ
556 1157 609 1220 οῦκ
632 1157 681 1220 ἐπὶ
705 1163 788 1240 σφῶν
811 1157 907 1220 αὐτῶν
930 1157 1148 1240 ἐμπορεύονται,

300 1267 363 1335 ἀλλ’
385 1271 598 1333 ἀκολουθοῦσιν
622 1269 723 1338 αὐταῖς
745 1273 833 1332 λῦπαι
857 1273 905 1332 καὶ
928 1271 1019 1333 πόνοι.

166 1379 438 1463 Ὁμοιοτέλευτα
459 1389 490 1445 et
512 1384 643 1465 πάρισα
664 1383 742 1446 haec
764 1393 837 1446 sunt
860 1382 1013 1446 notanda:

171 1495 207 1558 fr.
223 1495 266 1558 54
295 1495 335 1576 μὴ
364 1495 539 1578 φροντίζειν,
567 1493 643 1557 ἀλλὰ
671 1495 810 1576 νομίζειν,
840 1495 877 1558 oi.
902 1494 992 1578 Gorg.
1009 1495 1116 1560 Hah9
1142 1496 1190 1558 καὶ
1218 1494 1307 1563 δεῖξαι

82 1608 132 1671 καὶ
156 1607 235 1676 δόξαι
253 1656 260 1670 .
277 1656 284 1671 .
302 1656 310 1671 .
327 1608 376 1670 καὶ
399 1608 508 1688 νομίζω
532 1609 580 1670 καὶ
604 1608 750 1688 ὀνομάζω.

172 1719 219 1784 Fr.
237 1720 278 1784 49
302 1719 351 1784 ίσα
374 1723 549 1804 φρονοῦντας
573 1719 622 1785 ίσοι
644 1720 782 1788 πνέοντας

300 1833 464 1902 ἀξιώσαντα
486 1834 535 1896 καὶ
558 1831 729 1902 ἀξιωθέντα.

170 1944 221 2010 Sic
249 1945 358 2010 eadem
386 1946 480 2010 verba
510 1945 612 2009 activo
636 1953 667 2008 et
691 1945 813 2028 passivo
837 1965 929 2009 sensu
954 1944 1082 2008 ludendi
1106 1966 1200 2008 causa
1223 1966 1305 2010 com·

82 2078 199 2143 ponere
222 2057 366 2140 Gorgiam
390 2059 518 2141 eiusque
540 2058 714 2121 imitatores
742 2057 891 2134 deiectat,
920 2057 957 2120 oi.
984 2056 1050 2120 Hel.
1069 2058 1108 2119 12
1139 2059 1154 2119 ὁ
1179 2058 1231 2136 μὲν
1255 2055 1305 2120 οῦν

82 2171 187 2238 πείσας
221 2173 262 2238 ὡς
295 2171 461 2252 ἀναγκάσας
495 2171 602 2251 ἀδικεῖ,
637 2171 656 2252 ἡ
688 2171 720 2232 δὲ
748 2171 903 2264 πεισθεῖσα
931 2173 971 2239 ὡς
999 2170 1217 2252 ἀναγκασθεῖσα
1244 2173 1305 2234 κτλ.

84 2283 127 2346 16
150 2283 305 2366 ἐταράχθη
333 2284 380 2346 καὶ
408 2283 554 2366 ἐτάραξεν.
599 2283 745 2365 Agathou
768 2283 800 2348 iu
826 2283 871 2346 Pl.
888 2285 996 2367 Symp.
1016 2283 1102 2347 1965
1130 2282 1307 2360 οὔτ’,άδικεῖ

82 2388 149 2458 οὔτ’
169 2396 309 2458 ἀδικεῖται
333 2395 400 2458 οὔτε
424 2396 480 2458 ὑπὸ
504 2397 574 2458 θεοῦ
599 2394 666 2458 οὔτε
690 2395 768 2458 θεόν.

173 2508 386 2585 Contraria,
415 2509 528 2592 quibus
557 2508 693 2572 maxime
724 2507 808 2572 illius
836 2508 947 2572 aetatis
969 2508 1136 2592 scriptores
1158 2507 1304 2590 gaudent,

2 2677 3 2696 ,
83 2641 125 2684 ne
149 2621 232 2704 apud
256 2621 484 2704 Antiphontem
508 2621 632 2705 quidem
658 2620 780 2684 desunt.

174 2731 221 2796 Fr.
238 2732 280 2796 56
308 2733 415 2795 ἀποῦσι
442 2734 491 2795 καὶ
521 2732 805 2815 μέλλουσι-παρῇ,
833 2733 869 2796 fr.
886 2732 928 2797 58
956 2733 988 2794 τὸ
1017 2734 1304 2815 γεγεννῆσθαι-τῷ

81 2844 212 2926 μέλλειν,
230 2846 268 2908 cf.
287 2845 375 2926 Gorg.
395 2845 462 2910 Hel.
479 2847 527 2909 ll.
551 2882 593 2892 —
617 2844 639 2909 F
642 2867 664 2908 r.
679 2847 720 2908 56
738 2843 994 2927 γλώττῃ-ἔργον,
1007 2847 1045 2908 os.
1058 2845 1146 2928 Gorg.
1160 2845 1229 2909 Hel.
1244 2847 1272 2908 1.
1288 2847 1304 2909 7

82 2955 312 3040 λόγον-ἔργον.
336 2957 433 3021 Thuc.
450 2979 475 3020 e.
493 2979 519 3039 g.
537 2958 567 3021 ΙΙ
584 2957 671 3034 4Ο,1.
688 2958 761 3036 41,2
775 2957 827 3038 (os.
842 2956 931 3021 Blass
944 2957 963 3020 l.
977 2979 1002 3022 ο.
1017 2979 1045 3041 p.
1060 2956 1149 3038 218).
1165 2957 1305 3020 Antisth.

79 3071 135 3134 Αἰ.
154 3073 183 3132 1.
201 3070 228 3132 i.
246 3069 275 3133 8.
289 3106 330 3114 -
343 3069 392 3133 Fr.
408 3069 450 3133 58
467 3069 798 3152 δράσειν-πείσεσθαι,
823 3071 860 3133 cf.
878 3069 967 3152 Gorg.
985 3070 1053 3134 Hel.
1072 3071 1100 3133 7.

174 3182 418 3264 Nonnumquam
434 3182 521 3245 deest
537 3182 691 3264 ἀντίθεσις,
710 3203 804 3264 quam
823 3183 950 3264 Gorgias
968 3182 1150 3264 plerumque
1168 3180 1305 3260 exhibet,

69 3294 207 3358 'etiamsi
234 3295 330 3358 verba
356 3303 489 3375 acervat,
520 3309 556 3358 ut
583 3295 763 3358 dialecticae
791 3305 837 3357 est
864 3295 992 3378 peritus.
1035 3295 1120 3357 Haec
1147 3294 1228 3357 inter
1255 3315 1306 3356 eos

78 3407 260 3472 differentia
280 3407 423 3488 elucebit,
445 3407 470 3469 si
491 3407 660 3471 contuleris
677 3410 750 3472 Aut.
764 3409 800 3470 fr.
813 3407 855 3470 53
871 3407 1059 3490 ἐργαζόμενοι
1076 3407 1123 3468 καὶ
1140 3405 1306 3488 φειδόμενοι

78 3521 132 3582 καὶ
162 3523 411 3602 ταλαιπωροῦντες
442 3521 489 3582 καὶ
521 3519 722 3603 προστιθέντες
750 3541 821 3584 curn
849 3520 938 3600 Gorg.
960 3521 1034 3584 fr.6
1062 3521 1110 3581 καὶ
1138 3519 1230 3600 λέγειν
1257 3520 1306 3581 καὶ

77 3635 167 3712 σιγᾶν
195 3631 243 3693 καὶ
271 3636 363 3692 ποιεῖν
387 3633 434 3693 καὶ
459 3631 585 3694 ἐᾶν...
610 3633 727 3713 γνώμην
751 3633 798 3692 καὶ
823 3632 936 3714 ῥώμην,
959 3631 1010 3712 τὴν
1036 3631 1087 3711 μὲν
1112 3631 1306 3712 βουλεύοντες,

77 3743 135 3824 τὴν
161 3739 187 3802 δ’
209 3742 429 3808 ἀποτελοῦντες.

175 3852 393 3916 Parecbasis
429 3853 567 3916 eiusdem
602 3855 685 3917 vocis
720 3853 884 3915 adhibetur
915 3852 947 3915 in
980 3853 1076 3916 faor
1104 3853 1178 3935 ἀνὴρ
1205 3852 1305 3934 ἄνδρα.

78 3965 227 4032 Eundem
257 3975 416 4050 poetarum
445 3987 537 4028 usum
566 3965 641 4029 adeo
670 3966 811 4049 sequitur
838 3965 975 4046 Gorgias,
1002 3973 1037 4027 ut
1066 3987 1104 4027 ne
1133 3965 1303 4049 hyperbata

77 4077 213 4164 quidem
238 4087 392 4154 vereatur,
417 4079 454 4140 cf.
479 4078 547 4140 Hel.
568 4077 683 4154 1ῖ.18,
708 4079 782 4140 item
809 4077 952 4159 Agathou
977 4077 1007 4140 iu
1032 4077 1077 4140 Pl.
1095 4077 1190 4140 Couv.
1210 4077 1306 4150 thic,

75 4191 185 4255 Thuc.
203 4190 243 4252 IV
261 4193 313 4266 61,
329 4189 358 4252 2.
376 4189 405 4251 G.

175 4302 486 4383 homonymorum
509 4303 769 4385 paronomasia
789 4301 870 4365 ludit
891 4301 923 4365 in
943 4301 1031 4364 fruor
1051 4300 1109 4362 ἀπὸ
1125 4305 1178 4383 τῆς
1193 4303 1307 4384 ἀρχῆς

75 4443 159 4452 ..α-...-
169 4443 258 4449 --—--
272 4445 288 4449 -

179 4507 220 4570 ¹¹³)
240 4509 271 4561 cf.
293 4509 368 4562 Blass
389 4511 420 4560 Α.
441 4509 469 4560 Β.
491 4525 515 4576 p.
530 4509 571 4562 68-
