3128 5124
618 401 808 465 -9-

101 589 184 652 quae
218 568 257 632 ad
292 569 513 655 explicandum
552 572 709 656 sophistae
742 594 916 638 sermonem
954 584 986 639 et
1022 576 1062 639 ad
1099 575 1326 641 defendendam

100 682 247 747 codicum
270 682 435 747 lectionem
458 684 525 768 ipse
548 684 650 767 attuli,
675 706 745 748 curn
768 686 806 748 iis
829 706 909 770 quae
932 687 1088 752 Dialesius
1111 689 1158 753 vir
1184 688 1324 753 doctissi-

103 795 230 859 masin
255 795 354 859 altera
375 797 619 877 fragmentorum
642 797 778 862 editione
801 797 894 863 modo
918 799 1031 863 emissa
1053 800 1225 880 adnotavit,
1255 821 1325 865 con·

103 907 212 972 venire
234 907 325 972 valde
347 908 476 992 gaudeo.

192 1019 270 1084 Cum
292 1020 388 1103 igitur
409 1021 482 1084 libri
505 1020 575 1104 llspl
599 1021 734 1103 ὁμονοίας
756 1023 903 1106 reliquias
920 1021 1009 1087 nobis
1026 1024 1237 1089 retractandas
1252 1045 1324 1109 pro-

104 1132 310 1218 posuerimus,
333 1131 365 1196 id
393 1140 569 1217 spectemus
596 1134 749 1218 primum,
778 1155 872 1218 quam
899 1136 1054 1199 rationem
1083 1136 1245 1220 Antiphon
1276 1158 1325 1202 se·

102 1253 196 1309 cutus
218 1245 269 1323 sit,
292 1265 353 1329 quo
377 1245 468 1309 modo
491 1221 665 1310 sententiae
687 1247 755 1310 eius
777 1247 860 1311 inter
881 1267 913 1311 se
936 1255 1031 1332 atque
1053 1268 1123 1311 cum
1151 1258 1323 1313 ceterorum

104 1357 231 1443 placitis
255 1365 288 1422 et
309 1358 395 1422 illius
418 1366 449 1422 et
471 1356 648 1442 posterioris
671 1357 784 1423 aetatis
813 1358 1067 1444 philosophorum
1094 1359 1144 1423 vel
1172 1359 1325 1444 sophista-

103 1491 176 1534 rum
210 1469 396 1534 cohaereant
429 1477 646 1555 quantumque
674 1471 713 1534 ab
740 1471 779 1535 iis
811 1471 937 1535 distent.
992 1471 1102 1556 Itaque
1136 1472 1201 1536 lieri
1234 1493 1325 1557 posse

99 1602 277 1667 speramus,
300 1589 335 1646 ut
357 1583 471 1646 clarius
499 1597 657 1667 appareat,
684 1583 786 1667 qualis
813 1583 866 1648 ille
893 1584 988 1648 fuerit
1016 1585 1141 1648 virtutis
1168 1585 1324 1666 magister.

703 1795 728 1858 Ι.

193 1933 240 1996 Ac
268 1932 405 2016 primum
433 1932 559 2016 quidem
594 1932 821 2017 contemplanti
855 1933 1028 2016 fragmenta
1062 1932 1167 1997 nullus
1203 1933 1326 1998 videtur

103 2045 192 2109 loeus
215 2044 254 2108 ad
277 2045 379 2129 ipsam
403 2044 559 2129 pertinere
581 2045 789 2127 concordiam,
818 2066 880 2129 quo
902 2047 1020 2109 lactum
1044 2055 1105 2125 est,
1133 2053 1170 2111 ut
1196 2047 1249 2110 alii
1278 2068 1325 2123 ea,

104 2177 187 2240 quae
210 2157 379 2222 aStobaeo
402 2165 524 2222 servata
545 2165 629 2239 sunt,
652 2179 671 2220 a
692 2158 771 2222 libro
789 2156 860 2241 Περὶ
884 2159 1021 2240 ὁμονοίας
1043 2167 1248 2242 segregarent,
1272 2158 1327 2223 alii

104 2269 337 2355 Antiphontem
364 2269 425 2334 nisi
454 2269 491 2334 de
519 2270 658 2335 moribus
685 2269 848 2334 hominum
877 2270 975 2354 deque
1003 2271 1087 2341 uitae
1116 2271 1267 2336 brevitate
1296 2278 1328 2335 et

104 2382 267 2447 aerumnis
289 2383 322 2446 in
339 2381 396 2445 hoc
411 2381 491 2446 libro
507 2403 568 2447 non
585 2382 765 2446 disseruisse
780 2390 964 2448 statuerent.
999 2387 1042 2448 At
1068 2383 1327 2448 considerandum

104 2503 152 2560 est
186 2494 276 2575 illud,
310 2494 392 2578 quod
426 2515 527 2578 neque
553 2496 764 2578 grammatici,
793 2495 848 2581 qui
876 2496 1029 2560 nonnulla
1056 2517 1094 2561 ex
1121 2496 1326 2581 Antiphontis

104 2607 185 2672 libro
208 2608 365 2672 lemmatis
386 2607 537 2692 appositis
560 2605 819 2693 sumpserunt¹¹),
845 2608 941 2673 ullam
965 2609 1140 2682 habuerunt
1163 2610 1207 2674 rei
1235 2609 1327 2673 ratio-

104 2742 190 2802 nem,
214 2740 315 2804 neque
338 2720 501 2799 Stobasus,
525 2741 596 2784 cum
620 2721 793 2784 sententias
816 2721 967 2804 quasdam
990 2721 1183 2805 splendidas,
1212 2721 1327 2806 quibus

103 2833 223 2898 librum
248 2831 319 2915 [lapi
342 2833 478 2917 ὁμονοίας
500 2834 675 2898 abundasse
697 2833 905 2897 Philostratus
928 2833 1014 2912 dicit,
1039 2834 1088 2897 hic
1110 2833 1174 2898 illie
1202 2855 1326 2919 excerp·

100 2947 154 3026 sit,
178 2947 281 3031 ipsam
298 2946 495 3012 concordiam
511 2946 676 3031 spectavit.
722 2946 824 3021 Quare
846 2967 916 3011 cum
933 2947 1048 3010 mirum
1064 2967 1126 3010 non
1149 2948 1191 3010 sit
1206 2945 1327 3010 nullam

102 3059 170 3124 sreri
187 3058 373 3123 concordiae
388 3059 592 3138 mentionem,
610 3067 715 3123 tamen
740 3057 871 3142 vestigia
886 3058 1040 3143 quaedam
1056 3057 1096 3122 ad
1112 3080 1179 3122 eam
1196 3059 1328 3123 serentis

101 3171 240 3236 inveniri
264 3191 352 3255 posse
377 3182 462 3258 puto,
485 3172 599 3255 quibus
627 3180 791 3256 appareat,
821 3191 916 3255 quam
943 3171 1027 3234 viam
1056 3171 1211 3253 ingressus
1233 3171 1327 3235 Anti·

102 3283 187 3366 phon
211 3281 299 3346 illam
323 3283 472 3348 virtutem
494 3293 673 3369 persecutus
695 3285 745 3348 sit.
791 3285 876 3360 Quae
899 3281 1031 3364 vestigia
1058 3281 1179 3345 facilius
1205 3281 1327 3365 perspi-

101 3395 233 3474 ciemus,
256 3393 292 3474 si,
317 3395 431 3478 quibus
454 3396 647 3479 temporibus
670 3396 812 3480 sophista
834 3401 1008 3460 commotus
1036 3394 1085 3476 sit,
1117 3401 1152 3458 ut
1179 3395 1262 3458 cives
1289 3391 1329 3457 ad

100 3507 303 3572 concordiam
326 3507 549 3590 cohortaretur,
574 3508 672 3572 oculis
695 3508 956 3594 proposuerimus.

190 3619 452 3704 Peloponnesiaco
486 3621 571 3686 enirn
605 3620 688 3685 bello
717 3627 824 3684 exorto
854 3619 887 3683 in
920 3619 1065 3682 omnibus
1092 3617 1155 3682 iere
1182 3617 1329 3681 Graeciae

100 3731 286 3796 civitatibus
307 3731 475 3796 seditiones
498 3741 592 3817 atque
615 3732 786 3797 discordias
807 3733 891 3795 iuter
913 3730 1078 3816 populares
1101 3730 1329 3814 optimatesque

100 3843 258 3908 exarsisse
281 3842 477 3928 Thucydides
499 3853 606 3908 narrat
627 3845 691 3926 (ΙΙΙ
714 3842 785 3928 82):
808 3845 857 3907 καὶ
880 3842 1007 3906 ἐπέπεσε
1030 3841 1125 3904 πολλὰ
1140 3843 1189 3904 καὶ
1209 3839 1329 3925 χαλεπὰ

100 3956 191 4020 κατὰ
215 3957 338 4020 στάσιν
361 3961 425 4025 ταῖς
447 3955 575 4020 πὸλσσιν.
621 3956 703 4021 Tum
727 3977 828 4019 mores
853 3954 999 4040 perverti,
1024 3955 1075 4034 ait,
1099 3963 1223 4039 coeptos
1251 3974 1329 4031 esse,

102 4069 209 4134 cilicia
231 4069 408 4152 perturbari
431 4069 622 4153 honestaque
646 4089 716 4133 cum
742 4068 886 4153 turpibus
909 4068 1120 4131 commisceri:
1145 4069 1193 4129 καὶ
1216 4066 1268 4148 τὴν
1293 4068 1330 4129 εἰ·

102 4183 220 4245 alluitur
248 4180 367 4251 ἀξίωσιν
396 4185 454 4244 τῶν
482 4183 635 4263 ὀνομάτων
662 4181 693 4250 ἐς
719 4180 756 4244 τὰ
784 4179 854 4263 ἔργα
882 4179 1062 4264 ἀντήλλαξαν
1094 4183 1132 4260 τῇ
1167 4180 1328 4243 δικαιώσει.

100 4294 358 4380 Temperantiam
383 4315 439 4379 pro
461 4293 595 4359 mollitia
612 4294 722 4359 haberi
737 4295 785 4376 (τὸ
802 4299 921 4378 σῶφρον
938 4296 989 4356 τοῦ
1006 4291 1149 4373 ἀνάνδρου
1166 4289 1328 4376 πρὸσχῃμα

196 4505 226 4570 Π)
246 4503 680 4570 fr.106-119131.‚sr.45-48.
700 4504 743 4558 52.
762 4503 805 4557 55.
825 4502 867 4556 63.
887 4502 991 4556 67-71
1012 4501 1094 4554 Diels.
