3128 5124
757 389 971 455 ..64-

397 562 424 624 A
457 560 484 623 εἰ
506 559 562 644 γὰρ
584 561 669 646 τύχοι
694 562 735 644 μὴ
759 561 910 644 ἐπιτήδεια
932 560 1084 645 γενύμινα,

457 673 486 735 τί
504 674 565 758 mi
589 677 627 756 τί
652 677 788 758 συμφορᾷ
810 674 957 759 triviae

458 806 477 848 a
508 787 637 870 χαλεπαὶ
662 785 713 868 μὲν
737 786 889 868 ἐκπομπαί
908 836 916 851 .
941 835 949 852 .
973 836 980 851 .

459 898 478 962 b
506 899 637 982 χαλεπὸν
660 899 693 961 δὲ
715 897 939 982 κεκτῆσθαιω)
963 948 970 962 .
994 949 1002 964 .
1026 945 1034 962 .

396 1033 431 1100 A‘
458 1036 530 1121 φέρε
553 1037 601 1119 δή,
626 1037 666 1120 μὴ
690 1036 726 1100 τὰ
749 1038 908 1120 παλίγκοτα
930 1037 1073 1121 λέγωμεν,

457 1149 590 1232 λεγέσθω
613 1149 649 1213 τὰ
672 1149 787 1212 πάντων
810 1149 1040 1234 ἐπιτηδειότατα.

457 1259 482 1325 a'
509 1262 539 1326 σι’
556 1262 612 1345 γὰρ
635 1263 715 1346 ἥδιον
740 1312 747 1326 .
772 1309 811 1326 ..

457 1367 485 1437 b'
509 1374 539 1437 τί
559 1375 591 1438 δὲ
613 1374 786 1457 γλυκύτερον
811 1421 818 1438 .
845 1423 852 1438 .
876 1423 884 1438 .

398 1511 423 1574 Β
458 1512 488 1575 ἐν
512 1517 555 1597 τῷ
579 1512 660 1596 αύτῷ
687 1560 819 1577 ......
844 1511 917 1577 ἔνθα
939 1513 971 1576 et
995 1513 1060 1598 ἡδύ,

456 1622 549 1689 ἔνεστι
572 1626 693 1708 πλησίον
717 1672 851 1689 ......
876 1627 924 1688 καλ
946 1627 979 1689 τδ
1002 1625 1142 1710 λυπηρόν.

398 1737 424 1800 Β
457 1738 487 1801 αἱ
510 1738 565 1821 γὰρ
587 1715 689 1821 Ιἡδοναὶ
713 1737 765 1802 σύκ
789 1737 836 1800 ἐπὶ
862 1744 946 1821 σφῶν
969 1736 1066 1802 αύτῶν
1090 1738 1311 1822 ἐμπορεύονται,

455 1849 515 1912 ἀλλ’
545 1851 758 1916 ἀκολουθοῦσιν
779 1850 879 1919 αὐταῖς
902 1854 990 1914 λῦπαι
1014 1854 1061 1916 καὶ
1085 1853 1178 1915 πύνοι.

402 1989 424 2052 C
458 1989 521 2053 ἐπεὶ
544 1991 593 2052 καὶ
617 1989 824 2071 δλυμπιονῖκαι
847 2038 905 2056 ..,

456 2101 489 2165 ἐκ
513 2104 648 2184 μεγάλων
671 2104 853 2186 λυπημοίτων
876 2103 1012 2166 ἐθέλουσι
1035 2105 1274 2188 παραγίγνεσθαι.

398 2230 426 2296 O
455 2233 535 2313 τιμαὶ
559 2233 613 2315 γὰρ
637 2234 687 2295 καί
707 2231 786 2296 ἆθλα
809 2281 867 2296 ...

455 2345 552 2406 πόνων
576 2344 625 2407 καί
648 2345 780 2427 ἱδρώτων
803 2345 844 2412 εἰς
867 2344 994 2426 ἀνάγκας
1017 2345 1197 2411 καθιστᾶσιν.

390 2482 416 2545 D
451 2482 510 2564 ἐγὼ
534 2484 600 2565 γάρ,
623 2481 654 2544 εἴ
673 2505 722 2563 μοι
744 2483 855 2566 γένοιτο
879 2489 967 2565 σῶμα
990 2483 1086 2566 ἕτερον
1110 2488 1238 2547 τοιοῦτον

453 2593 603 2678 <ἑπιμελὲς
627 2593 672 2677 δν)
695 2595 756 2657 οἷον
779 2595 838 2677 ἐγὼ
862 2594 1056 2680 ἐμαυτῷηθ),

454 2705 509 2770 ούκ
531 2706 565 2769 ἂν
589 2708 730 2790 δυναίμην
755 2712 818 2790 ζῆν,

455 2819 549 2887 ούτως
571 2819 691 2904 ἐμαυτῷ
716 2819 810 2882 πολλὰ
827 2821 989 2904 πράγματα
1012 2818 1152 2908 παρέχων

455 2931 528 3015 ὑπέρ
551 2955 582 2993 τε
605 2936 657 3014 τῆς
681 2932 787 3014 ὑγιείας
805 2936 861 3010 Ιτοῦ
885 2935 1022 3014 σώματος

453 3043 526 3127 ύπέρ
550 3048 654 3107 τετοῦ
677 3037 748 3107 καθ’
772 3043 885 3128 ἡμέραν
909 3045 972 3129 βίου
995 3045 1025 3112 ἐς
1048 3046 1100 3127 τὴν
1124 3045 1264 3129 ξυλλογὴν
1274 3043 1346 3130 ¹¹⁰²)

454 3155 527 3238 ὑπέρ
549 3179 582 3218 τε
605 3156 690 3241 δόξης
713 3160 761 3220 καὶ
786 3156 977 3241 σωφροσύνης
1000 3158 1048 3221 καὶ
1071 3155 1274 3240 εύκλείαςίί).

392 3283 424 3348 D'
453 3286 481 3348 τί
502 3283 563 3364 σύν,
586 3285 617 3348 εί
637 3310 685 3368 μοι
706 3286 817 3368 γένοιτο
840 3291 929 3369 σῶμα
951 3287 1050 3370 ἕτερον
1073 3291 1214 3371 τοιοῦτον,

457 3396 473 3460 θ’
495 3397 528 3481 γε’
552 3421 601 3480 μοι
625 3399 718 3468 υύτως
741 3399 878 3480 ἐπιμελὲς
900 3399 969 3484 εἴη;·

455 3510 509 3574 σύκ
531 3509 581 3574 σύν
605 3514 703 3596 δῆλον,
728 3512 773 3575 δτι
794 3514 867 3596 γυνη
894 3513 985 3596 ἀνδρί,
1009 3513 1060 3576 ἐὰν
1083 3511 1104 3596 ᾐ
1128 3512 1305 3593 καταθυμία,

341 3699 384 3762 l¹⁹)
404 3699 470 3764 (καὶ)
489 3699 611 3770 ἐκτῆσθαι
632 3701 775 3754 Dielesius.

340 3788 384 3855 ¹²⁰)
404 3789 508 3857 ἐμαυτῷ
526 3789 647 3858 neglexit
665 3789 795 3855 Blessius,
819 3804 878 3842 cum
898 3791 968 3841 hune
992 3788 1079 3841 locum
1103 3790 1132 3841 iu
1155 3789 1215 3842 adm
1237 3790 1294 3842 crit.
1313 3790 1484 3859 interprete-

252 3884 333 3941 retur,
352 3876 497 3930 delendum
516 3883 593 3944 putat
607 3877 835 3941 WilemowitziuS,
856 3878 926 3946 quod
945 3877 974 3929 iu
993 3877 1064 3931 hune
1082 3892 1189 3930 versum
1209 3895 1242 3932 ex
1261 3885 1392 3946 sequente
1411 3881 1483 3934 sub-

251 3965 372 4033 repserit.
409 3963 524 4033 ἐπιμελὲς
543 3963 571 4016 ὄν
590 3967 753 4034 interposuit
771 3965 906 4018 Dielesius
925 3966 1022 4033 partim
1040 3969 1150 4034 propter
1168 3971 1357 4034 symmetrium.

185 4045 188 4056 '
340 4051 404 4118 ΠΟο)
423 4070 448 4105 ν.
468 4052 529 4104 adu.
545 4052 623 4105 1092.
652 4053 808 4106 Necessaria
821 4053 883 4105 mihi
897 4053 1022 4105 videntur
1034 4054 1114 4106 verbe
1128 4053 1152 4111 ἐς
1165 4054 1212 4123 τὴν
1226 4051 1349 4122 ξυλλογὴν
1363 4057 1485 4120 propter

251 4142 381 4195 sermonis
401 4141 590 4210 symmetriam.

341 4230 385 4294 l²³¹)
404 4228 512 4281 καὶτοῦ
531 4227 559 4280 εύ
579 4227 680 4280 ἀκούειν
700 4227 798 4280 delevit
816 4227 975 4294 Μοίιιολιίιισ,
1000 4241 1079 4294 quem
1103 4236 1210 4282 secutus
1230 4234 1272 4282 est
1290 4227 1426 4282 Dielesius
1448 4229 1483 4281 in

251 4318 271 4370 Ι.
290 4318 363 4382 edit,
382 4317 407 4374 ἐς
425 4316 454 4369 τὸ
473 4316 501 4369 εὖ
521 4317 622 4368 ἀκούειν
641 4315 753 4368 coniecit
771 4317 800 4369 in
819 4316 852 4369 II.
865 4317 943 4376 edit.;
963 4316 1183 4370 Wilemowitzius
1202 4317 1246 4370 καὶ
1258 4316 1427 4386 σωφροσύνης
1448 4319 1483 4371 iu

251 4407 374 4459 maritum
392 4406 494 4468 eadere,
522 4405 550 4456 iu
569 4406 654 4456 vimm
672 4419 754 4455 unum
773 4419 827 4456 nou
847 4404 950 4470 eadere,
974 4403 1087 4461 εὐκλείας
1107 4409 1133 4457 et
1153 4404 1180 4456 ού
1200 4403 1303 4456 ἀκούειν
1322 4403 1393 4456 idem
1414 4419 1484 4458 esse
1562 4435 1563 4442 ι

251 4494 394 4547 arbitratus
414 4492 484 4544 delet
502 4491 582 4545 verba
600 4493 644 4544 καὶ
665 4489 829 4562 σωφροσύνης
848 4491 891 4543 καὶ
910 4490 1026 4550 εὐκλείας
1049 4491 1183 4545 inculcata
1206 4508 1239 4544 ex
1268 4490 1485 4558 posterioribus·
