3128 5124
594 417 809 480 ..33ss

77 589 194 670 igitur,
219 608 296 670 quos
319 588 430 670 vulgus
453 588 560 663 credit,
584 589 747 673 Antiphon
771 611 831 653 non
862 589 968 654 credit.
1020 588 1176 654 Nimirum
1205 588 1310 653 Xeno-

78 700 223 784 phanem
247 700 388 783 sequitur
411 701 528 784 pariter
551 707 646 784 atque
671 701 832 785 Euripides
859 702 964 784 (Herc.
995 701 1108 784 1345p
1137 705 1227 765 δεῖται
1255 702 1310 786 γὰρ

77 813 95 872 ὁ
125 811 207 882 θεός,
232 807 313 893 εἴπερ
342 807 396 874 ἔστ’
431 812 529 894 δρθῶς
561 812 640 885 θεός,
669 810 844 894 οὐδενόςη).
869 847 909 858 -
938 811 1082 892 Labores,
1111 811 1170 875 etsi
1196 832 1252 894 per
1278 831 1311 874 se

76 922 212 986 molesti
228 925 300 1002 sint,
313 923 506 987 Democritus
523 923 627 987 dulces
641 925 707 987 lieri
722 932 812 1008 putat
826 946 880 1009 spe
894 925 965 987 boni
978 932 1108 989 eventus
1120 921 1308 1006 (fr.243)¹⁴).

77 1035 206 1099 Idcirco
223 1035 385 1119 Antiphon
408 1036 539 1099 honores
562 1044 593 1099 et
609 1038 749 1120 praemia
771 1045 932 1120 tamquam
949 1037 1121 1100 inlecebras
1143 1058 1208 1100 esse
1225 1036 1310 1112 dicit,

78 1149 203 1232 quibus
220 1169 467 1231 permovemur,
484 1156 519 1213 ut
535 1149 655 1213 labores
672 1171 707 1213 ac
722 1150 849 1213 sudores
865 1150 1040 1213 subeamne.
1086 1148 1188 1212 Tanta
1203 1156 1308 1213 eutem

78 1283 155 1324 esse
178 1260 313 1342 coniugii
337 1253 546 1341 incommoda,
570 1273 605 1325 ut
627 1262 654 1324 si
681 1262 853 1346 susciperet
881 1261 977 1325 vitam
1012 1282 1043 1324 se
1077 1261 1213 1344 perierre
1246 1283 1309 1324 non

77 1394 176 1458 posse
200 1375 393 1438 confiteatur.
438 1373 537 1438 Uxori
561 1375 656 1452 enim,
681 1394 773 1457 quam
799 1373 917 1456 diligat,
941 1373 1052 1439 marito
1080 1372 1308 1457 providendum

77 1487 176 1570 quasi
200 1485 291 1549 alteri
306 1485 436 1570 corpori,
460 1486 550 1549 alteri
572 1487 705 1549 animae.
752 1484 900 1568 Duplices
922 1485 1018 1568 igitur
1040 1506 1142 1561 curae,
1168 1484 1310 1569 duplices

77 1598 320 1662 sollicitudines.
374 1599 440 1661 lam
468 1619 541 1662 vero
569 1599 675 1663 liberis
704 1598 785 1661 natis
814 1619 1033 1662 aerumnarum
1063 1599 1168 1661 omnia
1200 1598 1304 1682 plena,

78 1707 223 1792 corporis
247 1709 333 1788 vigor
362 1710 553 1791 inventaque
581 1717 781 1773 evanescunt.
834 1710 918 1772 Haeo
945 1709 1008 1772 fere
1032 1708 1205 1792 Antiphon,
1236 1730 1307 1772 oum

78 1820 170 1883 mala
195 1819 282 1883 bonis
306 1819 445 1902 opponit,
470 1820 508 1882 ed
532 1821 742 1885 accusandum
766 1820 945 1902 coniugium
962 1819 1088 1903 profert,
1113 1819 1151 1882 de
1168 1839 1228 1902 quo
1244 1819 1309 1883 illis

77 1928 278 2012 temporibus
301 1930 436 1993 multum
460 1930 654 2014 disputatum
677 1953 742 1996 esse
765 1930 928 2014 Euripides
956 1937 1099 1994 testatur.
1149 1930 1254 2012 Atque
1281 1929 1309 1992 is

77 2038 211 2123 quidem
236 2060 306 2102 cum
334 2040 442 2103 multis
476 2038 603 2123 loois²⁵)
637 2042 674 2106 do
709 2042 834 2106 conubii
868 2047 899 2105 et
933 2039 1102 2104 commodis
1131 2048 1162 2104 et
1189 2041 1307 2105 incom-

77 2149 185 2214 modis
210 2150 330 2214 looutus
353 2151 404 2231 sit,
427 2159 495 2216 tum
518 2152 671 2217 malorum
694 2154 866 2217 maximam
889 2151 1001 2236 culpae
1024 2158 1145 2235 partem
1162 2151 1307 2214 attribuit

76 2260 204 2342 legibus
228 2261 278 2339 (ir.
301 2259 384 2325 402²
407 2261 474 2343 N.):
499 2263 582 2344 νόμοι
606 2270 755 2344 γυναικῶν
782 2263 815 2326 οὐ
845 2266 942 2329 καλῶς
970 2265 1078 2325 κεῖνται
1106 2261 1181 2342 πέρι.
1230 2267 1307 2344 χρῆν

79 2372 139 2454 γὰρ
165 2373 214 2432 τδν
237 2370 405 2456 εὐτυχοῦνθ’
428 2374 508 2441 ὅπως
527 2373 663 2441 πλείστας
679 2371 758 2458 ἔχειν
776 2424 782 2436 .
801 2422 840 2448 ..,
865 2377 905 2440 ὡς
921 2374 973 2453 τὴν
990 2373 1081 2454 κακὴν
1102 2372 1153 2452 μὲν
1171 2370 1307 2452 ἐξέβαλλε

77 2482 241 2562 δωμάτων,
264 2484 316 2566 τὴν
339 2481 461 2547 δὀὖσαν
485 2484 595 2566 ἐσθλὴν
619 2485 716 2567 ἡδέως
743 2481 885 2569 ἐσῴζετο·
915 2488 964 2545 νῦν
998 2481 1024 2546 δ’
1064 2483 1106 2550 εἰς
1140 2481 1206 2576 μίαν
1243 2480 1305 2566 βέ-

78 2614 184 2664 ποοσι,
208 2594 335 2656 κίνδυνον
359 2595 449 2678 μέχαν
474 2596 630 2679 ῥίπτοντες·
656 2596 690 2658 οὐ
712 2596 765 2678 χδιρ
789 2601 847 2657 τῶν
867 2593 982 2678 τρόπων
1000 2596 1176 2676 πειρώμενοι
1192 2591 1306 2676 νύμφας

78 2705 110 2772 ἐς
141 2701 242 2771 οἴκους
269 2705 470 2788 ἑρματίζονται
498 2707 604 2790 βροτοί.
659 2707 770 2788 ltaque
797 2727 888 2768 nemo
915 2707 988 2785 soit,
1017 2704 1142 2788 qualem
1174 2723 1305 2767 uxorem

78 2815 193 2878 ducat:
219 2814 355 2899 συμφορὰ
371 2809 399 2877 δ’
420 2817 451 2884 δς
468 2815 501 2878 ἄν
525 2818 602 2901 τύχῃ
627 2821 718 2898 κακῆς
741 2817 886 2897 γυναικός,
910 2815 1029 2899 εὐτυχεῖ
1044 2814 1187 2896 δ’ἐσθλῆς
1207 2816 1306 2897 τυχών

79 2927 134 3009 (ir.
166 2924 266 2990 1042²
289 2926 342 3007 N).
388 2927 452 2990 Nee
475 2927 579 2990 minus
595 2928 713 2990 femina
728 2927 760 2989 in
777 2926 871 2990 dubio
888 2934 1044 2990 versatur:
1068 2926 1121 2987 κάν
1137 2921 1204 3006 τῷδ’
1226 2924 1306 3004 ἀγὼν

78 3040 218 3121 μέγιστος
241 3039 259 3119 ἢ
284 3040 372 3101 κακδν
395 3040 494 3122 λαβεῖν
517 3040 536 3122 ἢ
560 3038 703 3124 χρηστόν·
728 3038 761 3100 οὐ
785 3039 839 3121 γὰρ
863 3039 991 3106 εὐκλεεῖς
1018 3038 1184 3118 ἀπαλλαγαὶ
1211 3059 1306 3117 χοναι·

78 3153 119 3220 ξίν
151 3153 214 3213 κτλ.
264 3150 359 3232 (Med.
388 3150 451 3214 235
479 3151 571 3234 sqq).
628 3150 794 3214 simillime
822 3148 998 3233 Antiphon:
1029 3148 1117 3229 μέγας
1144 3146 1197 3229 γὰρ
1225 3147 1306 3228 ἀγὼν

75 3267 174 3344 γάμος
198 3263 348 3346 ἀνθρώπῳ
366 3313 372 3326 .
390 3313 397 3326 .
415 3310 447 3327 ..
471 3265 599 3347 χαλεπαὶ
624 3265 675 3344 μὲν
703 3262 852 3344 ἑκπομπαί
884 3265 945 3326 κτλ.
1005 3261 1086 3325 Sunt
1122 3261 1216 3323 otiam
1250 3259 1304 3323 alii

78 3377 152 3454 loci,
178 3376 292 3459 quibus
315 3375 353 3438 ad
377 3377 507 3440 verbum
530 3377 593 3439 fere
616 3376 777 3460 Antiphon
802 3396 872 3438 com
897 3373 1044 3458 Euripide
1072 3373 1223 3455 congruit.
1274 3373 1306 3434 ls

77 3491 165 3554 enim
191 3488 350 3552 Phaedrae
373 3487 527 3552 nutricem
551 3488 626 3552 facit
649 3473 922 3572 philosophantem
945 3486 1053 3570 (Hipp.
1078 3485 1141 3549 252
1165 3483 1260 3569 sqq.):

388 3601 481 3662 πολλὰ
505 3602 633 3663 διδάσκει
656 3599 682 3682 μ’
711 3601 726 3660 ὁ
751 3599 841 3668 πολὺς
864 3599 968 3682 βίοτος.

389 3718 464 3797 χρῆν
487 3712 540 3797 γὰρ
565 3713 746 3796 perpicacis
769 3711 915 3793 ἀλλήλους

393 3826 489 3907 φιλίας
511 3824 638 3909 θνητοὺς
659 3825 868 3907 ἀνακίρνασθαι

78 3981 287 3990 -..-..—-—--

171 4063 206 4128 Β)
226 4063 258 4114 cf.
278 4062 383 4114 Wilsm.
403 4063 435 4114 ad
457 4064 532 4115 Here.
552 4079 575 4113 ν.
597 4061 672 4115 1346.
699 4063 794 4127 [Plut]
817 4063 912 4115 Strcm.
925 4061 950 4114 4.
993 4060 1105 4114 Vorsok.
1125 4059 1154 4111 1²
1175 4059 1204 4111 ll
1226 4059 1249 4111 A
1268 4058 1302 4112 32

75 4151 204 4302 magii)
226 4238 297 4292 ldsm
317 4240 398 4292 sentit
413 4240 552 4307 Epicurus,
571 4238 604 4290 ci.
625 4237 678 4292 (lio.
692 4239 724 4290 de
739 4238 810 4291 fiml
833 4238 921 4299 15‚49:
941 4255 1016 4302 oeque
1036 4237 1144 4287 laborum
1160 4237 1301 4303 perficeretic

75 4347 156 4400 oeque
172 4331 303 4396 perpessio
322 4329 430 4378 ἀρέσκοιτο
447 4346 493 4392 per
511 4347 536 4376 se
555 4330 613 4395 ipsa
632 4326 708 4376 ullc'rc't
728 4334 776 4379 etc.

171 4415 205 4482 l⁵)
230 4430 296 4484 quos
321 4417 471 4482 composuit
495 4416 631 4468 Nestleus:
668 4415 819 4482 Euripides,
843 4414 890 4467 der
913 4413 1021 4466 Dichter
1047 4411 1095 4463 der
1118 4410 1301 4479 griechischen
1380 4432 1396 4459 s

76 4505 259 4572 Autklsrung
278 4520 303 4571 p.
317 4504 368 4556 249
379 4519 437 4572 sqq.
1114 4585 1131 4639 3

1362 4455 1379 4492 is
