3128 5124
635 1108 785 1194 VITA.

188 1337 289 1402 Natus
316 1357 384 1400 sum
415 1336 544 1402 Carolus
572 1335 744 1400 Friderious
772 1335 890 1419 Edgar
911 1336 1052 1420 Jacoby
1081 1336 1218 1400 Berolini
1242 1357 1269 1400 a.
1286 1336 1315 1399 d.

102 1450 139 1514 V.
152 1449 223 1513 Kal.
246 1449 334 1514 Febr.
357 1449 431 1513 anni
453 1448 751 1518 thCCOLXXXlll
774 1455 862 1534 patre
882 1448 1013 1513 Daniele
1034 1449 1193 1532 Gymnasii
1210 1448 1318 1532 Regio·

101 1562 214 1628 urbani
243 1563 426 1647 professore,
454 1571 553 1626 matre
571 1561 669 1626 Maria
685 1583 701 1626 e
717 1570 808 1644 gente
823 1560 936 1626 Urech.
973 1560 1058 1625 Fidei
1084 1561 1226 1625 addictus
1248 1582 1315 1624 sum

101 1673 308 1757 evangelicoe.
328 1673 531 1758 Gymnasium
549 1674 743 1757 frequentavi
755 1674 1017 1758 Regiourbanum,
1034 1674 1116 1757 quod
1129 1682 1197 1738 tum
1215 1673 1317 1738 lloruit

102 1787 157 1851 Ed.
176 1786 368 1851 Wellmanni
386 1787 543 1872 auspiciis.
575 1787 654 1852 Vere
669 1788 744 1851 anni
759 1787 877 1850 thhlll
894 1787 1087 1852 maturitatis
1102 1787 1316 1852 testimonium

102 1900 235 1985 adeptus
258 1899 380 1965 civibus
395 1899 616 1964 Universitatis
631 1899 804 1964 litterariae
821 1899 1031 1964 Berolinensis
1047 1900 1221 1986 adscriptus
1237 1921 1316 1979 sum,

102 2019 139 2077 ut
161 2012 348 2098 philologiae
370 2020 401 2076 et
424 2013 653 2096 arohaeologiac
675 2011 787 2078 studiis
810 2033 859 2076 me
882 2012 1035 2078 dederem.

188 2125 316 2191 Scholas
350 2125 455 2190 audivi
484 2126 621 2192 virorum
649 2124 899 2191 doctissimorum
928 2126 1022 2206 Diels,
1057 2126 1181 2209 llrman,
1217 2125 1318 2204 Graet,

105 2238 248 2322 Harsley,
283 2238 473 2318 Hirschfeld,
508 2237 629 2304 Kelrule
657 2259 717 2303 von
745 2238 937 2319 Stradonita,
972 2239 1026 2303 Ed.
1057 2238 1175 2322 Meyer,
1210 2238 1315 2319 Milan,

104 2351 136 2416 E.
166 2351 304 2433 Norden,
338 2351 470 2433 Roethe,
505 2351 537 2416 E.
566 2350 724 2431 Schmidt,
759 2351 808 2415 W.
832 2351 976 2430 Sohulae,
1012 2351 1150 2436 Stumpl,
1188 2351 1316 2432 Vahlen,

103 2463 256 2546 tt‘entzcl,
280 2485 340 2527 von
363 2462 816 2543 ll⁷ilamowitz-hloellendorll,
840 2462 1029 2528 ll'innefeld.

189 2575 408 2640 Proseminarii
431 2574 580 2660 philologi
602 2597 656 2660 per
675 2597 729 2639 sex
752 2577 916 2640 semestria
938 2575 1053 2640 sodalis
1076 2577 1120 2641 sui
1144 2575 1317 2641 ordinarius

101 2697 198 2772 atque
233 2688 507 2754 exercitationibus
541 2689 704 2753 institutus
737 2710 806 2753 sum
842 2689 1048 2774 professorum
1085 2688 1180 2771 Diels,
1215 2689 1318 2766 llelm,

102 2799 290 2881 lmelmann,
313 2799 466 2882 Wentzel,
489 2821 551 2865 von
576 2800 1022 2866 Wilamowitz-Moellendortl.

190 2910 240 2976 Ad
284 2911 520 2978 exercitationes
565 2912 811 2996 archaeologioas
857 2911 989 2996 benigne
1033 2934 1082 2977 me
1127 2913 1320 2978 admiserunt

101 3023 291 3112 professores
306 3024 429 3089 Kelrnle
448 3047 508 3090 von
525 3024 702 3106 Stradonitz
718 3032 749 3090 et
764 3024 954 3108 Rehimena,
979 3025 1067 3090 cuius
1089 3033 1319 3110 praematuram

99 3143 237 3202 mortem
260 3137 353 3202 valde
375 3137 470 3203 dolui.

191 3249 268 3314 Cum
293 3250 437 3315 omnibus
464 3250 512 3316 his
545 3251 620 3316 viris
650 3250 766 3336 optime
795 3249 834 3315 de
856 3273 906 3316 me
934 3251 1054 3316 meritis
1080 3258 1149 3316 tum
1172 3250 1318 3328 Dielesic,

99 3361 160 3448 qui
188 3370 223 3425 ut
251 3362 439 3448 Antiphonti
466 3385 592 3449 operam
622 3363 727 3428 darem
755 3385 804 3428 me
833 3363 1014 3429 adhortatus
1042 3371 1097 3444 est,
1125 3364 1240 3448 gratias
1263 3385 1319 3447 ago

100 3495 200 3560 quam
225 3495 351 3560 possnm
375 3476 538 3540 maximas.

192 3587 331 3652 Examen
354 3587 567 3690 philosophiae
591 3607 703 3670 magna
723 3611 792 3655 oum
810 3589 902 3654 laude
917 3589 1052 3653 sustinui
1068 3611 1096 3654 a.
1113 3589 1143 3654 d.
1160 3590 1230 3654 Xll.
1250 3590 1319 3653 Kal.

100 3698 216 3766 Iunias
238 3701 312 3765 anni
339 3700 514 3765 thhlVlll.
