3128 5124
582 408 797 473 ..57-

85 579 213 664 XXIII).
259 581 321 647 Sed
343 582 435 647 aliter
458 581 496 646 de
520 580 653 646 aliorum
676 579 898 645 vocabulorum
922 578 1036 663 plurali
1059 578 1179 664 poetico
1202 597 1250 641 res
1266 597 1300 641 se

86 690 183 773 babet,
208 714 235 757 e.
259 715 286 776 g.
310 694 408 776 γοίμοι,
435 695 569 774 δώματα,
597 691 674 773 τόξα,
703 692 828 777 ἅμματα.
886 691 931 755 cf.
954 689 1057 771 Maeli,
1082 689 1176 754 Arch.
1199 689 1220 752 f.
1244 687 1299 752 lat.

87 803 236 888 Lexicogr.
252 805 323 886 XII,
347 805 485 890 481sqq.
532 806 581 870 Ab
605 805 663 870 hoc
685 814 791 869 autem
815 803 1022 868 secernendus
1040 802 1192 885 generalis
1207 822 1299 886 quem

86 924 192 981 uocant
224 917 365 1002 pluralis,
398 917 453 982 aed
485 918 598 982 similis
633 927 680 982 est
712 916 760 980 illi
793 917 940 1001 (ἱδρῶτες,
974 915 1106 995 αἵματα).
1152 913 1234 978 Nam
1266 914 1299 977 in

88 1039 248 1114 utrumque
276 1030 454 1095 Aristotelis
481 1030 562 1096 illud
591 1030 702 1094 cadere
728 1029 806 1093 mihi
833 1025 1032 1111 videtur¹⁰⁹):
1067 1029 1108 1096 εἰς
1135 1025 1220 1109 ὄγκον
1247 1029 1301 1109 τῆς

86 1141 186 1210 λέξεως
207 1145 406 1226 συμβάλλεται
430 1192 437 1207 .
462 1194 469 1207 .
495 1193 502 1207 .
526 1144 558 1206 τὸ
582 1143 613 1206 ἓν
636 1142 730 1206 πολλὰ
753 1147 856 1221 ποιεῖν,
884 1141 956 1225 ὅπερ
978 1141 1007 1204 οἱ
1029 1141 1145 1223 ποιηταὶ
1168 1143 1300 1204 ποιοῦσιν
1344 1127 1347 1134 ’

87 1253 185 1336 (uhu.
210 1254 233 1319 Γ
256 1256 300 1337 6).
346 1255 413 1325 τοὺς
435 1255 542 1340 φίλους
564 1256 644 1341 plur.
669 1255 845 1339 generalem
869 1254 908 1318 ad
936 1275 1064 1319 uxorem
1087 1253 1194 1318 referri
1216 1253 1300 1330 licet,

86 1368 122 1430 cf.
137 1368 245 1432 Aesob.
263 1370 320 1451 Ag.
339 1369 422 1432 1236
440 1366 517 1452 ”Apa
532 1369 631 1452 φίλοις
653 1367 797 1431 πνέουσαν
821 1367 859 1431 de
881 1367 1004 1446 marito,
1022 1365 1115 1451 Soph.
1133 1365 1168 1430 0.
1185 1366 1220 1429 R.
1238 1364 1300 1428 366

89 1479 134 1541 σὺν
155 1485 214 1550 τοῖς
236 1483 385 1564 φιλτάτοις
406 1482 427 1546 i.
452 1503 477 1546 e.
502 1487 538 1566 τῇ
563 1484 660 1566 μητρί,
684 1482 722 1546 cl.
741 1481 958 1558 118411ιο1ς,
976 1479 1059 1544 1359
1082 1479 1123 1541 ὧν
1147 1476 1218 1562 ἔφυν
1241 1477 1300 1542 ἄπο

88 1591 205 1658 desole
228 1601 337 1658 matre.

165 1705 295 1770 Etiamsi
322 1706 511 1789 singularem
539 1727 672 1790 quoque,
700 1727 772 1770 cum
799 1704 985 1788 generaliter
1018 1704 1168 1789 loquitur,
1199 1704 1301 1768 dicere

89 1823 190 1898 potest,
214 1818 368 1903 pluralem
391 1819 535 1904 praefert,
559 1819 597 1883 cl.
621 1819 749 1903 χαλεπαὶ
773 1819 825 1898 μὲν
848 1818 1006 1898 ἐνπομπαί.

165 1931 323 1995 Nomina
362 1931 528 1995 verbalia
565 1952 802 2015 nonnumquam
846 1930 934 2014 ponit
970 1951 1032 2016 pro
1077 1929 1214 1993 verbis:
1261 1933 1301 1998 ὡς

89 2039 221 2126 ἐλάχιστα
243 2043 299 2127 γὰρ
322 2043 351 2106 ἐν
376 2045 530 2127 σεμνότητι
553 2046 599 2107 δεῖ
624 2045 757 2128 χρῆσθαι
779 2047 840 2110 τοῖς
863 2043 998 2126 ῥήμασιν,
1027 2044 1127 2126 ὥσπερ
1150 2043 1166 2105 b
1190 2040 1301 2105 Θουκυ·

88 2152 162 2236 tlon<
187 2155 349 2239 (Hermog.
374 2154 410 2218 ll.
436 2156 531 2219 ἰδεῶν.
556 2155 608 2239 Sp.
632 2177 662 2240 p.
686 2155 775 2239 292).
825 2154 874 2218 Ira
897 2153 1131 2220 Substantiam
1153 2154 1226 2238 lupo
1245 2154 1302 2216 dos
1373 2141 1392 2168 ν

89 2264 303 2352 Ιίιφοίαιᾱβφε,
331 2268 511 2348 Dauerude,
538 2271 584 2330 a'm
619 2267 749 2332 Verbum
782 2289 845 2331 aur
877 2267 931 2330 der
962 2267 1126 2352 ea’arualape
1158 2266 1302 2352 Vorpaup

89 2375 192 2460 (Diels,
216 2379 298 2445 Berl.
322 2379 396 2444 Sita.
422 2381 491 2445 Ber.
516 2380 597 2446 1901
622 2402 651 2466 p.
670 2380 808 2464 19lsq.).

166 2492 214 2556 Fr.
230 2492 273 2557 49
296 2494 424 2577 χαλεπαὶ
448 2493 500 2574 μὲν
524 2493 673 2575 ἐκπομπαὶ
697 2512 751 2577 pro
774 2493 906 2577 χαλεπὸν
931 2493 984 2574 μὲν
1007 2490 1175 2572 ἐκπέμπειν.

166 2604 237 2689 ὑπὲρ
260 2608 312 2668 τοῦ
334 2603 401 2668 καθ’
428 2605 540 2688 ἡμέραν
569 2605 631 2690 βίου
654 2605 684 2673 ἐς
711 2607 763 2688 τὴν
787 2604 928 2687 Ευλλογήν
951 2604 1053 2668 dicere
1074 2603 1187 2668 maluit
1207 2623 1301 2687 quam

90 2713 155 2798 ὑπὲρ
178 2721 228 2780 τοῦ
252 2717 446 2800 συλλέγεσθαι
468 2720 517 2781 τὸν
540 2717 609 2780 καθ’
633 2719 685 2800 tp.
711 2716 772 2800 βίον
795 2717 848 2798 (cf.
873 2717 919 2780 Pl.
943 2717 1013 2799 Leg-
1038 2715 1151 2796 9361)),
1176 2725 1212 2779 ut
1235 2737 1302 2780 mos

89 2835 132 2890 est
162 2828 301 2914 Gorgiae,
337 2832 412 2894 Ant.
447 2831 515 2910 lan,
544 2830 642 2894 Thuc.
669 2830 723 2909 (cf.
748 2829 887 2893 Wolcott
914 2828 934 2891 l.
959 2851 984 2892 c.
1009 2848 1038 2913 p.
1065 2829 1198 2912 lldaqq.
1225 2829 1302 2910 143)

89 2942 260 3006 nominibus
293 2964 348 3027 pro
382 2937 484 3008 verbis
514 2943 570 3006 uti.
617 2941 685 3017 Qua
718 2943 751 3006 in
785 2963 817 3005 re
850 2941 1016 3025 scriptores
1049 2940 1166 3004 saeculi
1200 2941 1303 3024 quinti

89 3052 254 3140 principem
287 3054 381 3118 huius
414 3054 649 3119 consuetudinis
681 3060 839 3117 auctorem
871 3052 1063 3117 Heraclitum
1094 3059 1215 3116 secutos
1237 3074 1303 3117 esse

89 3161 235 3231 Dialesius
257 3166 485 3232 demonstravit
506 3167 542 3246 (l.
567 3166 618 3249 o).
665 3164 704 3228 Iu
729 3167 840 3229 diesem
867 3163 1082 3228 allmri'bla'edeu
1110 3163 1303 3248 Vordra'upeu

87 3275 136 3338 der
160 3278 430 3342 urbatouta'oa'rcbea
456 3289 531 3342 stutt
556 3279 611 3341 der
637 3277 777 3342 oeroaten
810 3275 970 3361 Weadurrq
996 3275 1214 3339 uuterscbealtet
1238 3276 1303 3339 sa'cb

87 3387 132 3451 die
152 3389 251 3455 Proca
272 3412 331 3454 coa
352 3393 407 3454 der
430 3391 532 3454 Poeu'e
556 3440 562 3453 .
588 3440 594 3454 .
620 3440 627 3454 .
652 3441 659 3454 .
705 3390 775 3454 Das
805 3389 933 3454 Verbum
956 3388 1121 3453 bezeicbuet
1141 3389 1200 3451 dea
1225 3387 1302 3451 Vor-

86 3519 164 3586 paap
186 3550 193 3564 .
218 3552 225 3568 .
248 3505 294 3566 εἰη
317 3502 535 3587 Aliquorum,
559 3502 616 3564 dus
631 3499 867 3566 Subotauta'cum
886 3500 973 3570 factu
992 3501 1041 3564 da'e
1059 3501 1215 3586 tppiacbcu
1235 3500 1302 3564 Zu-

86 3614 196 3694 stdade,
211 3615 297 3698 pones
318 3615 400 3677 coiret
419 3625 546 3694 uouerat,
568 3614 626 3677 dua
647 3611 882 3678 Subatouta'curu
904 3611 1039 3676 obstruet
1052 3613 1247 3697 aupeacbaut.
1262 3651 1299 3661 -

88 3721 166 3790 Satis
190 3727 316 3792 videtur
344 3726 445 3791 dicere
472 3727 545 3810 ὑπὲρ
572 3729 623 3790 τοῦ
657 3724 727 3789 καθ’
762 3727 814 3809 tp.
844 3727 916 3810 βίου.
966 3726 1068 3802 Quare
1095 3725 1301 3792 (11111111ἐςτ.

88 3833 222 3922 Ευλλογήν
240 3839 414 3904 Meinelrius
430 3846 461 3904 et
476 3838 634 3924 Sauppius
645 3837 726 3921 ¹⁰⁹⁸).
756 3837 817 3902 Sed
829 3837 960 3902 eandem
976 3836 1124 3921 loquendi
1140 3835 1302 3900 abundan-

88 3948 160 4014 tiam
182 3951 367 4017 Aristoteles
390 3952 423 4014 in
438 3950 659 4016 Alcidamante
682 3951 849 4034 vituperat,
874 3950 927 4032 qui
943 3970 969 4014 e.
986 3970 1013 4032 g.
1030 3971 1093 4014 non
1116 3950 1157 4016 εἰς
1174 3943 1301 4032 Ἴσθμια,

87 4061 138 4125 sed
159 4065 199 4132 εἰς
221 4064 259 4126 τὰ
280 4067 339 4126 τῶν
359 4061 494 4146 Ἰσθμίων
517 4065 674 4147 πανήγυριν
699 4063 792 4142 dicat,
815 4062 897 4146 quod
920 4061 1068 4145 frigidum
1090 4060 1132 4127 sit
1155 4069 1186 4125 et
1202 4061 1302 4147 poeti·

21 4271 22 4280 φ
87 4193 155 4238 cum
176 4175 281 4258 (Rhet.
307 4174 330 4239 Γ
352 4176 399 4260 3).

171 4331 214 4400 ¹⁰⁹)
235 4333 321 4388 Aliter
339 4333 468 4386 Macestus
487 4331 505 4384 1.
518 4347 541 4385 c.
561 4348 587 4400 p.
599 4330 652 4384 491
663 4345 702 4400 sq.
721 4331 782 4384 498.

21 4487 22 4492 ¹
171 4419 233 4486 ¹⁰⁹⁸)
252 4421 309 4474 Hoc
327 4421 422 4488 probat
435 4420 664 4486 Wilamouitzina‚
683 4419 730 4487 qui
742 4418 801 4487 ipse
814 4435 919 4488 quoqne
933 4417 1017 4471 haesit
1030 4417 1059 4468 in
1072 4417 1301 4484 praepositionum

88 4505 153 4560 nuda
171 4509 368 4578 propositarum
388 4507 588 4577 inaequalitate.
625 4505 658 4560 V.
672 4523 699 4576 p.
712 4507 746 4560 64
765 4505 827 4560 adn.
842 4505 934 4574 raca.-
