3128 5124
761 428 974 494 ,μη-

256 602 304 663 καὶ
328 600 442 669 εὐταξία
464 604 521 663 τῶν
545 605 597 684 τῆς
619 605 718 685 ψυχῆς
741 604 838 684 μερῶν
861 600 934 682 πρὸς
947 598 1062 682 ἄλληλά
1077 622 1110 662 τε
1125 599 1172 661 καὶ
1189 599 1254 682 περὶ
1278 597 1391 681 ἄλληλα
1413 602 1477 661 κτλ.

257 714 350 796 (Deff.
366 713 480 793 411d).
539 714 605 776 lam
629 734 723 797 supra
746 712 883 776 vidimus
900 713 953 791 (cl.
971 713 1006 775 fr.
1024 711 1080 794 61)
1095 710 1322 795 Antiphontem
1340 731 1477 790 monere,

257 833 292 890 ut
324 825 412 910 pueri
445 828 599 911 imperata
633 827 734 890 lacere
771 829 982 903 consuescant,
1020 825 1067 886 ‘ira
1099 825 1139 908 μὴ
1178 823 1399 907 ἐξανδρούμενοι
1437 826 1479 893 εἰς

257 940 386 1022 μεγάλην
410 938 574 1021 μεταβολὴν
598 936 689 1006 ἰόντες
711 938 979 1019 ἑκπλήσσοιντο.
1041 937 1165 1001 Etenim
1193 937 1248 1020 qni
1276 936 1397 1020 legibus
1424 938 1477 1000 ob-

256 1059 428 1135 temperare
450 1072 512 1115 non
535 1050 653 1129 didicit,
677 1059 708 1114 et
731 1073 749 1114 a
771 1072 803 1114 se
826 1051 892 1134 ipse
915 1049 1044 1115 dissidet
1067 1055 1098 1114 et
1121 1071 1191 1114 cum
1216 1049 1336 1113 civibus
1360 1050 1477 1115 discor-

256 1163 319 1227 dat.
369 1163 474 1228 Iustus
499 1171 603 1227 autem
627 1164 719 1227 homo
744 1171 774 1226 et
797 1163 975 1227 moderatus
1002 1161 1172 1246 tranquillo
1190 1161 1300 1236 animo
1325 1162 1413 1243 vivit,
1437 1164 1475 1227 cf.

255 1277 398 1340 Democr.
426 1276 461 1343 lr.
489 1277 510 1339 4
537 1275 669 1360 ἀθαμβίη
692 1275 908 1358 (ἀκαταπληξία
941 1274 1120 1359 Nausiph.).
1176 1275 1264 1338 Hanc
1291 1276 1389 1357 igitur
1410 1277 1477 1339 vim

256 1387 353 1453 animi
381 1409 486 1452 secum
514 1387 729 1452 concordantis
757 1387 983 1472 Antiphontem
1011 1390 1114 1472 ipsum
1142 1407 1265 1472 qnoque
1293 1388 1477 1452 concordiae

254 1499 421 1564 subiecisse
448 1498 645 1585 suspicor⁴⁶).
703 1500 798 1564 Cuius
825 1502 868 1564 rei
898 1499 1127 1564 confirmandae
1155 1520 1249 1564 causa
1276 1499 1352 1563 haec
1379 1499 1474 1563 etiam

256 1613 382 1675 afferam
405 1620 599 1694 argumenta.
644 1613 724 1676 Nam
752 1613 934 1677 Aristoteles
962 1612 1158 1676 concordiam
1185 1612 1246 1676 nisi
1274 1613 1355 1676 inter
1379 1612 1477 1676 bonos

254 1725 420 1807 (ἐπιεικεῖς)
444 1745 595 1790 essenon
620 1747 707 1810 posse
731 1725 832 1791 dccet:
857 1724 937 1788 οὗτοι
958 1724 1012 1807 γὰρ
1040 1726 1088 1787 καὶ
1116 1725 1257 1794 ἑαυτοῖς
1284 1727 1476 1805 ὁμονοοῦσι

255 1839 303 1902 καὶ
326 1837 473 1919 ἀλλήλοις,
509 1838 565 1900 ἐπὶ
599 1843 665 1900 τῶν
699 1839 813 1902 αὐτῶν
847 1837 944 1907 ὄντες
976 1841 1018 1906 ως
1050 1838 1153 1900 εἰπεῖν·
1177 1843 1235 1899 τῶν
1258 1838 1397 1901 τοιούτων
1419 1837 1476 1920 γὰρ

256 1950 354 2032 μένει
382 1950 422 2012 τά
452 1951 662 2033 βουλήματα
694 1953 742 2014 καὶ
776 1951 809 2014 οὐ
846 1955 982 2033 μεταρρεῖ
1008 1951 1108 2035 ὥσπερ
1136 1948 1252 2034 εὔριπος
1284 1954 1344 2014 κτλ.
1388 1951 1427 2034 (Ε
1443 1951 1475 2014 h.

256 2064 374 2126 Niccm.
399 2062 442 2124 IX
454 2065 484 2125 θ.
509 2062 643 2140 llblb).
689 2063 772 2126 llicit
795 2064 889 2145 igitur
916 2063 970 2127 ille
1000 2063 1125 2146 quidem
1151 2064 1347 2128 concordiam
1377 2064 1477 2127 animi

254 2166 462 2229 constantiam
486 2166 641 2249 quandam
666 2188 731 2230 esse
755 2175 786 2230 et
809 2166 1010 2250 aequitatem,
1035 2188 1096 2250 qua
1120 2167 1282 2248 efficiatur,
1307 2175 1341 2231 ut
1365 2166 1475 2231 eadem

252 2279 294 2342 sit
316 2298 438 2362 semper
461 2277 605 2341 voluntas
629 2299 685 2341 nec
708 2277 800 2342 modo
824 2279 938 2342 rationi
961 2278 1052 2342 modo
1078 2278 1231 2364 voluptati
1249 2278 1372 2342 animus
1388 2279 1476 2344 obse-

253 2400 376 2473 quatur.
423 2389 622 2453 Simillimam
647 2391 828 2456 concordiae
845 2392 1081 2475 descriptionem
1103 2412 1140 2454 ex
1156 2390 1322 2456 lamblichi
1339 2392 1477 2475 epistula

254 2505 319 2587 περὶ
343 2503 478 2584 θμονοίας
507 2503 642 2566 servavit
666 2502 818 2567 Stobaeus
838 2504 950 2586 (1133,
971 2503 1276 2568 15.Vors0l.⁹111.
1298 2505 1340 2568 80
1356 2505 1381 2568 Β
1400 2505 1476 2587 lla,

254 2639 283 2700 p.
308 2615 471 2696 597,27):
503 2612 545 2677 ἔτι
568 2615 601 2677 δὲ
624 2615 754 2699 περιέχει
776 2618 832 2696 (sc.
856 2618 876 2698 ή
901 2614 1038 2699 ὁμόνοια)
1061 2617 1108 2679 καὶ
1131 2619 1183 2699 τὴν
1217 2617 1292 2686 ἑνὸς
1327 2618 1477 2680 ἑκάστου

252 2730 338 2812 πρὸς
362 2728 488 2790 ἑαυτὸν
512 2729 771 2810 ὁμογνωμοσύνην·
797 2728 846 2812 ὑφ’
870 2729 935 2797 ἑνὸς
959 2730 1010 2812 μὲν
1032 2733 1087 2812 γάρ
1110 2753 1152 2797 τις
1174 2732 1319 2812 νοήματος
1341 2731 1389 2793 καὶ
1406 2735 1477 2812 μιᾶς

252 2844 371 2924 γνώμης
393 2842 612 2924 κυβερνώμενος
636 2840 781 2923 ‘onerosi
813 2843 897 2923 πρὸς
932 2841 1075 2925 ἑαυτόν,
1098 2845 1324 2926 διχογνωμονῶν
1346 2843 1380 2906 δὲ
1402 2843 1479 2925 πρὸς

253 2955 355 3018 ἑαυτὸν
378 2955 427 3018 καὶ
450 2953 572 3035 ἀνόμοια
596 2952 781 3037 λογιζόμενος
804 2955 1064 3025 διαστασιάζει·
1093 2956 1140 3018 καὶ
1176 2954 1191 3017 ὃ
1227 2955 1287 3038 μὲν
1324 2955 1379 3018 ἐπὶ
1413 2961 1478 3039 τῆς

213 3132 214 3136 ,
253 3069 308 3130 ἀεὶ
336 3066 445 3149 αὐτῆς
473 3067 649 3149 ἐπιμένων
681 3066 907 3147 διανοήσεως
936 3068 1141 3151 ὁμοφροσύνης
1168 3067 1229 3130 ἐστὶ
1251 3068 1378 3150 πλήρης·
1402 3069 1418 3131 b
1442 3071 1479 3132 δὲ

254 3179 405 3247 ἄστυτος
429 3184 488 3247 τοῖς
510 3182 656 3259 λογισμοῖς
680 3180 727 3241 καὶ
751 3177 856 3241 ἄλλοτε
880 3177 927 3240 ὑπ’
949 3179 1041 3262 ἄλλης
1063 3178 1148 3264 δόξης
1164 3180 1326 3264 φερόμενος
1349 3181 1478 3245 ἀστάθ-

254 3293 364 3373 μητάς
387 3292 448 3354 ἐστι
471 3292 519 3354 καὶ
542 3289 711 3372 πολέμιος
734 3293 818 3372 πρὸς
842 3291 976 3353 ἑαυτόν.
1023 3289 1113 3356 Hunc
1136 3293 1239 3375 ipsum
1263 3293 1362 3356 animi
1386 3293 1477 3358 habi-

253 3419 331 3485 tum,
366 3425 426 3487 quo
465 3404 585 3485 θμόνοια
620 3409 672 3486 τῆς
706 3408 804 3487 ψυχῆς
839 3407 910 3486 πρὸς
946 3405 1052 3487 ἑαυτήν
1088 3404 1244 3486 delinitur,
1280 3405 1478 3471 Democritus

253 3515 393 3594 εὐθυμίαν
417 3524 448 3580 et
471 3517 582 3580 εὐεστώ
606 3525 638 3581 et
660 3517 799 3600 ἁρμονίαν
823 3517 971 3601 appellat.
1017 3518 1075 3593 Qui
1098 3538 1159 3582 non
1183 3518 1283 3581 solum
1311 3520 1478 3584 sententiis

255 3629 308 3692 sed
333 3629 427 3692 etiam
452 3631 552 3692 verbis
580 3651 652 3692 cum
679 3627 851 3693 Iamblicho
882 3651 981 3712 paene
1010 3638 1170 3710 consonat,
1200 3651 1270 3693 cnm
1299 3629 1338 3694 de
1362 3631 1478 3696 animis

252 3761 357 3804 secum
381 3739 631 3804 discordantibus
658 3741 735 3804 haec
764 3741 842 3804 dicit
864 3740 1026 3830 (fr.191):
1062 3742 1242 3822 ἀνθρώποισι
1265 3742 1319 3825 γὰρ
1343 3742 1475 3826 abbonis

252 3852 359 3933 γίνεται
392 3851 557 3935 μετριότητι
589 3851 704 3936 τέρψιος
737 3853 786 3915 καὶ
825 3852 886 3935 βίου
925 3854 1102 3936 συμμετρίη·
1131 3853 1167 3915 τὰ
1194 3851 1219 3916 δῖ
1231 3854 1400 3916 ἐλλείποντα
1428 3858 1477 3918 καὶ

255 3966 472 4049 ὑπερβάλλοντα
497 3965 681 4047 μεταπίπτειν
716 3989 747 4027 τε
780 3968 859 4048 φιλεῖ
891 3966 938 4028 καὶ
975 3968 1101 4047 μεγάλας
1124 3966 1254 4048 κινήσιας
1284 3965 1414 4048 ἐμποιεῖν
1439 3974 1476 4050 πή

255 4083 349 4162 ψυχή.
397 4079 426 4140 αἱ
450 4077 475 4140 δ’
504 4078 537 4141 ἐκ
566 4080 700 4159 μεγάλων
724 4080 971 4162 διαστημάτων
995 4079 1160 4162 κινούμεναι
1183 4085 1241 4141 τῶν
1265 4078 1385 4164 ψυχέων
1409 4079 1478 4143 οὔτε

254 4190 446 4258 εὐσταθέες
473 4192 544 4254 εἰσὶν
572 4188 639 4253 οὔτε
667 4189 790 4272 εὔθυμοι
818 4195 878 4254 κτλ.
907 4193 987 4256 Item
1010 4192 1173 4256 inimicum
1198 4191 1258 4255 sibi
1282 4192 1386 4275 ipsum
1409 4194 1478 4257 fieri

344 4450 376 4514 ⁴⁶)
396 4450 555 4518 Toapferum
575 4451 624 4504 hoc
644 4451 749 4520 quidem
769 4457 839 4505 recte
859 4453 1026 4506 intellexisse
1046 4458 1110 4521 puto
1131 4453 1159 4520 (l.
1173 4469 1195 4506 c.
1215 4470 1240 4521 p.
1254 4454 1309 4522 46),
1329 4453 1423 4508 sedin
1444 4471 1475 4510 ec
1541 4455 1542 4490 l

240 4539 362 4604 erravit,
383 4538 453 4606 quod
474 4539 649 4607 Antiphontis
670 4538 787 4607 ὁμόνοιαν
807 4540 856 4592 hac
875 4540 931 4594 sola
950 4541 1059 4593 notione
1079 4541 1207 4594 definivit.
